3136 5024
764 281 796 288 —
836 251 887 304 110
910 250 958 288 '—

384 428 599 494 Peritioribus
638 428 787 513 relinquo
828 427 1040 514 explicandos
1090 428 1207 494 titulos
1248 426 1453 514 Ἰφιγέρων

277 543 508 609 Strattidis
539 543 609 608 vel
641 543 956 629 Apollophanis
988 543 1096 629 (Mein.
1124 544 1156 609 h.
1182 565 1224 610 cr.
1248 545 1330 626 2263
1361 544 1453 610 Kal

280 661 341 723 797
367 680 432 744 sq.;
456 659 652 745 iphicratem
678 658 903 740 significatum
920 680 993 725 esse
1017 660 1156 724 coniecit
1171 659 1264 724 Muhl
1286 659 1308 726 l.
1325 659 1346 725 l.
1365 657 1453 748 [adn.

278 773 330 863 21]
355 797 385 862 p.
417 776 500 862 116),
535 772 754 859 Μητροφῶν
788 775 1078 860 Antiphanis‘?
1115 774 1222 862 (Mein.
1246 774 1278 841 h.
1303 796 1346 840 cr.
1373 776 1453 857 3283

277 890 338 955 Kc.
356 891 383 955 ll
410 892 465 972 743
493 891 636 956 nominis
660 890 788 955 nullum
820 891 1006 977 exemplum
1037 891 1116 956 novi
1145 891 1211 956 nisi
1240 890 1329 975 quod
1353 891 1455 957 affert

28 973 30 977 ⁴
164 1033 167 1036 ⁴
278 1005 512 1072 rui-neema
542 1029 572 1092 p.
590 1006 682 1094 me),
715 1006 875 1073 urium
904 1005 1102 1071 Alexidis
1133 1007 1241 1092 orem.
1261 1007 1294 1072 h.
1313 1028 1354 1072 n.
1374 1008 1454 1083 aen

278 1121 339 1187 Kc.
357 1121 382 1185 ll
408 1122 635 1204 3533111un0
668 1121 813 1205 soloque,
846 1121 934 1206 quod
957 1122 1131 1187 Athenaeo
1163 1121 1332 1205 debemus,
1364 1122 1454 1205 frag·
1554 1156 1557 1165 ·

280 1241 392 1302 mento
417 1237 492 1320 (152
515 1238 588 1324 Kc.)
613 1237 763 1309 Platonis
787 1238 911 1302 mentio
934 1237 986 1319 iit,
1012 1236 1069 1302 sed
1093 1237 1151 1313 its,
1182 1241 1221 1302 ut
1243 1241 1323 1303 ante
1346 1237 1455 1324 philo-

280 1353 375 1438 sophi
387 1356 527 1419 mortem
542 1353 694 1418 fabulam
711 1354 867 1439 scriptam
884 1374 956 1418 esse
972 1374 1185 1439 nequaquam
1202 1352 1308 1436 colligi
1320 1353 1455 1439 possit).

386 1470 533 1534 Incertus
558 1471 610 1534 est
633 1468 752 1534 titulus
776 1469 1033 1553 Θηριππίδης
1056 1468 1326 1555 Apollodori,
1355 1489 1457 1553 quem

279 1606 321 1650 ex
345 1584 487 1670 Etymol.
505 1582 590 1650 Gud.
608 1585 682 1667 342,
708 1586 750 1650 35
781 1585 971 1650 coniectura
999 1588 1197 1651 consecutus
1225 1587 1278 1650 est
1299 1584 1456 1650 Ritsche-

279 1700 344 1765 lius
374 1699 537 1764 Meinekio
562 1699 593 1764 h.
612 1721 653 1764 cr.
670 1700 736 1764 468
766 1700 939 1785 probante,
969 1700 1167 1786 reprobante
1190 1697 1286 1765 red
1308 1698 1354 1763 lV
1377 1700 1457 1782 457,

280 1816 337 1881 ubi
362 1816 562 1902 scriptorem,
586 1815 694 1899 qualis
719 1820 771 1880 est
793 1815 957 1900 Alciphro,
981 1815 1206 1898 fragmentum
1230 1814 1343 1880 decere
1360 1813 1456 1880 dixit.

280 1930 327 1996 cf.
345 1931 405 1996 Kc.
423 1931 680 2019 1112950125)
698 1935 732 1996 et
747 1931 889 2017 Alciphr.
908 1929 957 1996 ed.
976 1930 1091 2017 Schep.
1104 1924 1223 2025 p.15'7.
1249 1929 1458 2017 Therippidis

279 2067 400 2111 nomen
423 2047 600 2133 Alciphron
625 2047 760 2112 exhibet
782 2047 825 2110 ΙΙΙ
849 2048 870 2111 5
894 2045 1044 2135 (Schep.).
1080 2047 1212 2112 Titulus
1238 2049 1405 2132 poetaque
1430 2045 1460 2111 si

237 2182 239 2187 ·
281 2162 402 2227 certius
424 2161 540 2227 traditi
563 2166 686 2246 essent,
712 2161 751 2227 de
776 2183 813 2227 cc
831 2161 1025 2249 Therippide
1042 2161 1182 2228 forsitan
1199 2164 1289 2227 essct
1304 2161 1459 2245 cogitan-

281 2276 369 2355 dum,
395 2278 489 2342 cuius
511 2279 546 2342 in
570 2277 667 2343 domo
690 2277 809 2343 Lamia
831 2279 986 2343 meretrix
1009 2278 1213 2343 Demetrium
1236 2276 1459 2342 Poliorcetam

280 2393 543 2458 luxuriosissime
567 2393 622 2457 illc
648 2393 799 2458 convivio
825 2394 992 2479 excepisse
1018 2392 1136 2458 dicitur
1159 2393 1202 2457 ab
1227 2391 1343 2458 eodem
1366 2392 1460 2457 Alci-

280 2508 405 2595 phrone
428 2508 472 2572 IV
498 2510 549 2590 16,
575 2510 609 2591 83
639 2507 678 2574 ci.
704 2508 790 2573 Plut.
809 2509 952 2575 Demetr.
970 2510 1028 2591 273
1053 2508 1173 2573 Athen.
1195 2508 1238 2572 lll
1268 2509 1329 2573 101
1355 2529 1388 2589 e3
1413 2507 1460 2572 IV

283 2625 346 2688 188
359 2624 396 2705 b;
409 2622 650 2689 accensendum
664 2627 752 2689 esset
765 2623 953 2689 comoediae
965 2624 1005 2688 ir.
1014 2624 1075 2689 inc.
1087 2625 1150 2689 303
1164 2623 1235 2710 (Kc.
1249 2623 1393 2711 111463).
1407 2623 1460 2710 ²⁹²)

388 2738 462 2804 Non
496 2738 629 2804 videtur
662 2739 727 2804 huc
761 2739 924 2825 pertinere
958 2738 1140 2804 Philisci
1175 2743 1462 2823 Θεμιστοκλῆς

281 2854 384 2941 (Suid.
401 2877 427 2921 s.
444 2876 476 2920 n.
494 2856 584 2942 mi),
609 2855 728 2940 quippe
752 2876 852 2940 quam
874 2854 1025 2920 fabulam
1041 2854 1175 2919 Philisci
1198 2853 1315 2936 tragici
1337 2858 1461 2939 poetae

283 2992 355 3036 esse
378 2972 445 3035 iam
470 2971 635 3036 censuerit
657 2970 798 3035 Meinek.
822 2970 854 3034 h.
878 2992 919 3035 cr.
943 2972 1009 3034 424
1034 2968 1084 3052 (cf.
1109 2969 1264 3036 Welcker
1287 2967 1341 3035 Gr.
1358 2969 1459 3053 Trag.

282 3109 312 3172 p.
332 3088 439 3174 1265),
464 3108 568 3171 nuper
592 3085 699 3151 denuo
725 3085 903 3151 affirmarit
918 3086 1064 3169 Wagner
1082 3086 1169 3151 Diss,
1186 3108 1216 3172 p.
1235 3085 1287 3151 54.
1323 3085 1461 3150 Themi-

283 3202 396 3267 stoclis
425 3202 562 3267 fortuna
589 3202 695 3266 tristis
719 3202 821 3266 etiam
844 3201 1026 3266 Moschioni
1056 3204 1174 3287 poetae
1208 3200 1384 3266 materiam
1416 3200 1461 3266 ad

186 3311 189 3317 ⁵
282 3316 488 3400 tragoediam
512 3315 772 3404 componendam
795 3317 949 3402 praebuit
973 3316 1024 3403 (cf.
1042 3315 1160 3382 Nauck
1183 3313 1305 3381 TGF*
1329 3338 1359 3402 p.
1379 3318 1461 3400 812;

283 3433 437 3497 Welcker
452 3432 506 3499 Gr.
524 3433 667 3519 'Pragp
686 3434 770 3498 1048
788 3453 871 3518 sqq.;
888 3432 1037 3498 Ribbeck
1056 3432 1119 3497 Rh.
1136 3432 1220 3497 Mus.
1236 3431 1330 3496 XXX
1347 3429 1461 3522 [1875]

285 3551 348 3614 145
372 3550 464 3633 sqq.).

391 3759 435 3824 292)
455 3761 647 3828 Thcrippidcm
666 3761 859 3814 Atheniensem
878 3769 986 3829 praeter
1006 3769 1131 3828 patruum
1150 3762 1338 3814 Demosthenis
1365 3764 1399 3829 (s.
1419 3779 1461 3816 nr.

284 3850 365 3916 7238)
384 3851 488 3902 nullum
507 3850 636 3902 habemus
656 3851 728 3918 apud
748 3851 857 3903 Kirchn.
890 3880 915 3889 —·
943 3850 1048 3903 Nomen
1075 3852 1157 3903 ctiam
1182 3849 1260 3902 Diod.
1283 3849 1334 3902 sie.
1354 3851 1408 3903 XV
1427 3852 1463 3906 30

284 3937 476 4009 (bigornenses
496 3937 716 4009 Λακεδαιμόνιος
735 3956 758 3993 a.
773 3940 844 4003 377).
