3136 5024
699 301 875 355 ..96-

200 479 507 575 concedendumffl)
525 501 582 543 —:
614 485 778 565 tyrannus
803 478 969 565 quondam
1001 479 1067 544 fuit
1096 479 1193 544 Pisae
1223 478 1380 545 famosus

199 596 262 660 hoc
286 595 418 660 nomine
442 595 631 676 insignitus,
658 594 697 659 de
721 615 785 677 quo
811 595 893 660 haec
911 597 1027 659 narrat
1043 594 1205 661 Heraclid.
1223 594 1321 661 Polit.
1341 598 1377 661 6:

199 714 384 778 Πανταλέων
421 709 608 790 ἐβασίλευσεν
636 711 665 774 ε’ν
696 708 824 790 τούτοις,
855 703 1000 795 ὑβριστὴς
1029 707 1083 775 καὶ
1110 708 1252 794 χαλεπός.
1286 699 1381 786 οὗτος

199 828 335 912 πρέσβεις
359 821 432 911 πρὸς
455 821 546 891 αὐτὸν
569 823 718 901 andreae
741 823 877 909 inceptio
907 824 1064 911 ἠνάγκασε
1093 833 1287 911 καταφαγεῖν
1306 820 1380 903 τοὺς

198 942 305 1028 ὄρχεις.
353 942 415 1022 Qui
439 963 503 1026 quo
528 946 674 1027 ternpore
693 942 818 1006 vixisse
835 941 972 1024 dicatur,
998 943 1171 1025 quaerenti
1188 941 1375 1007 audiendus
1411 944 1413 946 ’

199 1062 251 1122 est
280 1058 425 1123 Pausan.
457 1057 502 1141 VI
529 1059 582 1138 21,
611 1061 643 1122 1:
675 1055 814 1144 τετάρτῃ
845 1056 878 1123 δὲ
903 1054 1092 1141 Ὀλυμπιάδι
1121 1055 1175 1122 καὶ
1205 1055 1378 1144 τριακοστῄ

199 1176 252 1257 (=
270 1174 434 1261 ool-41)
459 1173 590 1260 στρατὸν
614 1174 641 1239 οἱ
664 1179 786 1240 Πισαῖοι
808 1170 862 1238 καὶ
889 1170 1027 1254 βασιλεὺς
1057 1169 1156 1238 αὐτῶν
1186 1176 1379 1240 Πανταλέων

198 1286 451 1375 ὃὈμραλίωνος
480 1287 564 1374 παρὰ
599 1287 657 1354 τῶν
687 1288 869 1374 προσχώρων
899 1267 1100 1374 &apotomae
1130 1288 1275 1373 ἐποίησαν
1306 1285 1380 1354 ἀντὶ

206 1405 324 1471 Ηλείων
340 1399 381 1470 τὰ
402 1403 566 1489 Ὀλύμπιοι.
579 1405 629 1490 ²⁴⁸)
666 1405 725 1469 Cui
741 1410 885 1490 tyranno
902 1405 1080 1489 quicquam
1097 1426 1171 1469 curn
1187 1404 1376 1470 Athenien-

199 1521 285 1585 sium
310 1520 480 1586 comoedia
504 1542 576 1585 esse
601 1543 666 1585 non
687 1520 900 1602 affirmarem,
926 1541 1130 1605 quamquam
1146 1541 1232 1604 quae
1248 1520 1374 1585 Herac-

198 1635 280 1700 lides
305 1641 420 1702 narrat
443 1636 631 1701 comoediae
651 1637 734 1701 hene
759 1637 971 1718 conveniunt,
996 1637 1061 1700 nisi
1088 1634 1255 1700 Naevium
1280 1634 1374 1700 illum

198 1756 379 1838 tyrannum
419 1773 693 1817 commemorasse
725 1752 846 1816 Festus
879 1753 919 1836 (p.
949 1753 1014 1817 210
1041 1751 1096 1839 M.)
1127 1750 1275 1817 traderet
1305 1751 1375 1816 his:

202 1867 392 1948 „Pisatilem
416 1867 562 1954 appellat
584 1867 733 1932 Naevius
749 1866 1016 1949 Pantaleontem,
1040 1866 1074 1932 id
1089 1870 1142 1932 est
1156 1867 1243 1932 Pisis
1260 1867 1374 1964 criun-

199 1982 277 2047 dum
302 1985 493 2070 tyrannum,
519 2004 594 2048 curn
618 1983 742 2067 alioqui
769 1983 845 2047 inde
868 1983 1007 2069 proiecti
1022 2005 1111 2048 nunc
1127 1982 1242 2048 Pisani
1258 1981 1373 2047 dican-

197 2101 269 2163 tur“
280 2121 286 2162 ε
298 2099 353 2184 249)
380 2120 459 2163 nam
473 2120 490 2164 e
504 2098 672 2164 comoedia
689 2098 817 2164 Graeca
839 2099 939 2164 huius
956 2099 1095 2164 monstri
1111 2098 1305 2164 memoriam
1330 2096 1378 2162 ad

197 2214 362 2279 Naevium
386 2215 546 2279 transisse
568 2214 745 2279 verisimile
763 2218 823 2279 est.
856 2215 1002 2280 Certiora
1018 2219 1224 2298 argumenta,
1251 2217 1376 2301 quihus

198 2329 442 2395 demonstretur
475 2330 564 2394 hunc
598 2335 780 2416 tyrannum
814 2330 1022 2413 „Pisatilern“
1057 2331 1307 2425 Theopompum
1338 2332 1375 2396 in

198 2446 355 2510 eomieam
379 2445 517 2510 iussisse
542 2444 737 2510 descendere
762 2467 928 2529 scaenam,
955 2445 1085 2511 desunt.

374 2611 589 2698 Amphldis
618 2617 659 2682 et
685 2613 952 2682 Mnesimachi
980 2614 1189 2701 Ἀλκμέων.

304 2724 470 2831 Sequatur
501 2747 667 2829 Alcmeen,
704 2770 769 2834 quo
800 2750 932 2814 nomine
964 2753 998 2814 et
1026 2750 1166 2835 Amphis
1190 2752 1224 2814 et
1247 2749 1376 2815 Mnesi-

196 2864 333 2928 machus
357 2862 499 2927 fabulas·
514 2864 707 2948 inscripsere
725 2862 833 2948 (Mein.
850 2864 882 2928 h.
901 2885 942 2928 cr.
960 2865 1039 2955 4233
1063 2864 1124 2929 Kc.
1141 2863 1261 2928 11236.
1279 2865 1374 2952 436)..

196 2977 244 3042 De
268 2978 365 3044 titulo
390 2979 473 3044 haec
495 2978 619 3065 profert
642 2979 782 3044 Meinek.
800 2979 820 3046 l.
838 2979 875 3046 l.:
903 3000 988 3062 „nen
1010 2979 1053 3045 ad
1068 2979 1260 3046 fabulosum
1276 2980 1372 3046 illum

195 3075 439 3177 Alcmaeonem,
458 3094 515 3159 sed
529 3094 570 3158 ad
583 3095 815 3180 philosophum
831 3095 1088 3182 Pythagoreum,
1106 3095 1146 3161 de
1161 3117 1226 3180 quo
1239 3100 1376 3182 praeter

196 3208 279 3275 alios
304 3210 359 3275 cfr.
384 3210 565 3292 Diogenem
588 3210 697 3275 Laert.
719 3210 792 3275 VIII
810 3213 861 3293 83,
887 3216 1055 3296 spectasse
1081 3210 1135 3296 (sc.
1154 3210 1374 3299 comoediam)

196 3324 457 3409 haudquaquam
481 3324 670 3390 incredibile
694 3325 862 3391 videbitur
877 3328 985 3412 ipsum
1002 3326 1084 3391 illud
1100 3326 1188 3413 quod
1203 3327 1374 3410 Diogenes

196 3440 312 3504 attulit
334 3440 470 3505 fabulae
493 3441 717 3524 fragmentum
742 3441 980 3528 contemplanti

431 3549 472 3632 ὡς
496 3555 788 3642 Πνὶιαγορισταὶῖῧθ)
813 3553 929 3641 λύομεν
953 3555 996 3646 τῷ
1020 3555 1118 3646 Λοξίᾳ

430 3670 565 3758 ἔμψυχον
590 3670 675 3738 οὐδὲν
699 3673 852 3758 ἐσλίοντες
879 3671 1045 3748 παντελῶς.

196 3786 430 3869 Cognominem
453 3787 626 3873 Amphidis
649 3788 801 3853 fabulam
824 3791 858 3852 in
882 3787 996 3854 eodem
1027 3787 1119 3853 haud
1142 3787 1240 3853 dubie
1268 3808 1372 3872 argu·

195 3906 307 3967 mento
336 3906 506 3967 versatam
537 3925 637 3988 supra
668 3905 840 3986 attigimus
864 3926 894 3989 p.
911 3906 1007 3969 405.“
1058 3903 1123 3969 Sed
1145 3902 1232 3969 idem
1256 3902 1373 3969 FOG

302 4080 347 4147 ²¹⁴⁷)
368 4081 419 4134 Sex
439 4081 511 4148 apud
530 4082 642 4135 Kirchn.
662 4084 688 4135 II
709 4084 768 4137 180.

302 4167 346 4234 248)
366 4169 406 4224 Cf.
427 4170 457 4224 Ο.
471 4172 587 4224 Mueller
600 4173 698 4224 Dorier
717 4173 728 4224 l
749 4174 814 4238 1503
834 4172 1020 4225 Schneidewin
1036 4170 1172 4225 lleraclid.
1186 4171 1263 4224 Polit.
1284 4188 1309 4238 p.
1324 4172 1370 4224 64.

302 4257 344 4324 2⁴⁹)
363 4259 440 4312 Ribh.
460 4259 563 4312 FCR²
582 4279 606 4328 p.
628 4262 670 4328 26,
689 4263 734 4328 qui
754 4261 820 4314 haee
840 4268 967 4314 annotat:
988 4261 1123 4329 „fortasse
1141 4262 1168 4312 in
1188 4259 1373 4313 Testieularia

195 4346 273 4398 huius
292 4351 401 4414 tyranni
421 4351 520 4401 mentio
540 4349 614 4402 faeta
633 4354 696 4403 est.“
737 4349 777 4403 Cf.
797 4350 846 4402 Ko.
867 4351 985 4404 111731.

301 4434 346 4503 ²⁵⁰)
366 4437 446 4490 Trad.
465 4439 671 4512 Πυθαγοριστῇ,
691 4439 762 4505 quod
781 4440 893 4491 retineri
912 4446 1015 4507 potest3
1035 4439 1099 4492 Ceb.
1118 4435 1318 4507 Πυθαγοριστὶ.
