<?xml version="1.0" encoding="UTF-8"?>
<!DOCTYPE html PUBLIC "-//W3C//DTD XHTML 1.0 Transitional//EN"
    "http://www.w3.org/TR/xhtml1/DTD/xhtml1-transitional.dtd">
<html xmlns="http://www.w3.org/1999/xhtml" xml:lang="en" lang="en">
 <head>
  <title>
</title>
<meta http-equiv="Content-Type" content="text/html;charset=utf-8" />
  <meta name='ocr-system' content='tesseract 3.04.00' />
  <meta name='ocr-capabilities' content='ocr_page ocr_carea ocr_par ocr_line ocrx_word'/>
</head>
<body>
  <div class='ocr_page' id='page_1' title='image "./degenerequodamt00breigoog_0101.png"; bbox 0 0 3136 5024; ppageno 0'>
   <div class='ocr_carea' id='block_1_1' title="bbox 703 309 880 364">
    <p class='ocr_par' dir='ltr' id='par_1_1' title="bbox 703 309 880 364">
     <span class='ocr_line' id='line_1_1' title="bbox 703 309 880 364; baseline 0.006 -17"><span class='ocrx_word' id='word_1_1' title='bbox 703 309 880 364; x_wconf 65' lang='lat'><strong>-95-</strong></span> 
     </span>
    </p>
   </div>
   <div class='ocr_carea' id='block_1_2' title="bbox 201 485 1375 574">
    <p class='ocr_par' dir='ltr' id='par_1_2' title="bbox 201 485 1375 574">
     <span class='ocr_line' id='line_1_2' title="bbox 201 485 1375 574; baseline -0.001 -22"><span class='ocrx_word' id='word_1_2' title='bbox 201 509 291 572; x_wconf 91' lang='lat' dir='ltr'>quae</span> <span class='ocrx_word' id='word_1_3' title='bbox 315 487 381 552; x_wconf 93' lang='lat' dir='ltr'>huc</span> <span class='ocrx_word' id='word_1_4' title='bbox 402 488 566 574; x_wconf 89' lang='lat' dir='ltr'>pertinere</span> <span class='ocrx_word' id='word_1_5' title='bbox 596 487 676 553; x_wconf 85' lang='lat' dir='ltr'>viris</span> <span class='ocrx_word' id='word_1_6' title='bbox 701 486 806 552; x_wconf 92' lang='lat' dir='ltr'>doctis</span> <span class='ocrx_word' id='word_1_7' title='bbox 837 487 906 552; x_wconf 90' lang='lat' dir='ltr'>sint</span> <span class='ocrx_word' id='word_1_8' title='bbox 927 486 1031 551; x_wconf 89' lang='lat' dir='ltr'>visae.</span> <span class='ocrx_word' id='word_1_9' title='bbox 1078 485 1247 551; x_wconf 80' lang='lat' dir='ltr'>Nonnulla</span> <span class='ocrx_word' id='word_1_10' title='bbox 1278 487 1375 568; x_wconf 75' lang='lat' dir='ltr'>enim,</span> 
     </span>
    </p>
   </div>
   <div class='ocr_carea' id='block_1_3' title="bbox 202 602 1541 705">
    <p class='ocr_par' dir='ltr' id='par_1_3' title="bbox 202 602 1541 705">
     <span class='ocr_line' id='line_1_3' title="bbox 202 602 1541 705; baseline -0.001 -38"><span class='ocrx_word' id='word_1_11' title='bbox 202 603 326 688; x_wconf 88' lang='lat' dir='ltr'>quibus</span> <span class='ocrx_word' id='word_1_12' title='bbox 350 603 528 689; x_wconf 75' lang='lat' dir='ltr'>inscriptae</span> <span class='ocrx_word' id='word_1_13' title='bbox 551 602 688 668; x_wconf 86' lang='lat' dir='ltr'>fabulae</span> <span class='ocrx_word' id='word_1_14' title='bbox 713 605 859 685; x_wconf 81' lang='lat' dir='ltr'>exstant,</span> <span class='ocrx_word' id='word_1_15' title='bbox 884 603 1021 668; x_wconf 90' lang='lat' dir='ltr'>nomina</span> <span class='ocrx_word' id='word_1_16' title='bbox 1044 606 1105 667; x_wconf 93' lang='lat' dir='ltr'>aut</span> <span class='ocrx_word' id='word_1_17' title='bbox 1120 603 1170 668; x_wconf 87' lang='lat' dir='ltr'>ita</span> <span class='ocrx_word' id='word_1_18' title='bbox 1185 605 1377 689; x_wconf 90' lang='lat' dir='ltr'>comparata</span> <span class='ocrx_word' id='word_1_19' title='bbox 1473 604 1493 705; x_wconf 15' lang='grc' dir='ltr'>ι’</span> <span class='ocrx_word' id='word_1_20' title='bbox 1539 652 1541 658; x_wconf 69' lang='lat'>,</span> 
     </span>
    </p>
   </div>
   <div class='ocr_carea' id='block_1_4' title="bbox 200 712 1378 1035">
    <p class='ocr_par' dir='ltr' id='par_1_4' title="bbox 200 712 1378 1035">
     <span class='ocr_line' id='line_1_4' title="bbox 200 712 1377 804; baseline 0 -20"><span class='ocrx_word' id='word_1_21' title='bbox 200 723 293 800; x_wconf 85' lang='lat' dir='ltr'>sunt,</span> <span class='ocrx_word' id='word_1_22' title='bbox 329 722 368 784; x_wconf 91' lang='lat' dir='ltr'>ut</span> <span class='ocrx_word' id='word_1_23' title='bbox 395 712 540 784; x_wconf 89' lang='lat' dir='ltr'>dubitari</span> <span class='ocrx_word' id='word_1_24' title='bbox 570 719 686 804; x_wconf 81' lang='lat' dir='ltr'>possit,</span> <span class='ocrx_word' id='word_1_25' title='bbox 723 719 833 784; x_wconf 77' lang='lat' dir='ltr'>sintne</span> <span class='ocrx_word' id='word_1_26' title='bbox 858 740 879 783; x_wconf 92' lang='lat' dir='ltr'>a</span> <span class='ocrx_word' id='word_1_27' title='bbox 902 719 999 783; x_wconf 92' lang='lat' dir='ltr'>certis</span> <span class='ocrx_word' id='word_1_28' title='bbox 1034 718 1225 783; x_wconf 87' lang='lat' dir='ltr'>hominibus</span> <span class='ocrx_word' id='word_1_29' title='bbox 1257 720 1377 804; x_wconf 87' lang='lat' dir='ltr'>poetae</span> 
     </span>
     <span class='ocr_line' id='line_1_5' title="bbox 200 833 1376 920; baseline -0.002 -21"><span class='ocrx_word' id='word_1_30' title='bbox 200 835 306 900; x_wconf 89' lang='lat' dir='ltr'>irrisis</span> <span class='ocrx_word' id='word_1_31' title='bbox 330 833 432 900; x_wconf 88' lang='lat' dir='ltr'>ducta</span> <span class='ocrx_word' id='word_1_32' title='bbox 456 855 499 899; x_wconf 86' lang='lat' dir='ltr'>an</span> <span class='ocrx_word' id='word_1_33' title='bbox 523 855 548 899; x_wconf 92' lang='lat' dir='ltr'>a.</span> <span class='ocrx_word' id='word_1_34' title='bbox 571 834 821 917; x_wconf 80' lang='lat' dir='ltr'>cognominibus</span> <span class='ocrx_word' id='word_1_35' title='bbox 845 834 994 919; x_wconf 88' lang='lat' dir='ltr'>personis</span> <span class='ocrx_word' id='word_1_36' title='bbox 1026 833 1199 915; x_wconf 80' lang='lat' dir='ltr'>fabulosis,</span> <span class='ocrx_word' id='word_1_37' title='bbox 1235 854 1376 920; x_wconf 87' lang='lat' dir='ltr'>quarum</span> 
     </span>
     <span class='ocr_line' id='line_1_6' title="bbox 200 948 1378 1035; baseline -0.003 -20"><span class='ocrx_word' id='word_1_38' title='bbox 200 971 255 1015; x_wconf 87' lang='lat' dir='ltr'>res</span> <span class='ocrx_word' id='word_1_39' title='bbox 279 953 442 1034; x_wconf 89' lang='lat' dir='ltr'>quantam</span> <span class='ocrx_word' id='word_1_40' title='bbox 464 948 600 1014; x_wconf 90' lang='lat' dir='ltr'>ludendi</span> <span class='ocrx_word' id='word_1_41' title='bbox 623 950 799 1016; x_wconf 80' lang='lat' dir='ltr'>materiam</span> <span class='ocrx_word' id='word_1_42' title='bbox 822 949 1035 1035; x_wconf 91' lang='lat' dir='ltr'>praebuerint</span> <span class='ocrx_word' id='word_1_43' title='bbox 1064 949 1238 1035; x_wconf 89' lang='lat' dir='ltr'>praecipue</span> <span class='ocrx_word' id='word_1_44' title='bbox 1267 949 1378 1034; x_wconf 87' lang='lat' dir='ltr'>quarti.</span> 
     </span>
    </p>
   </div>
   <div class='ocr_carea' id='block_1_5' title="bbox 199 1064 1492 1151">
    <p class='ocr_par' dir='ltr' id='par_1_5' title="bbox 199 1064 1492 1151">
     <span class='ocr_line' id='line_1_7' title="bbox 199 1064 1492 1151; baseline -0.001 -20"><span class='ocrx_word' id='word_1_45' title='bbox 199 1065 328 1131; x_wconf 88' lang='lat' dir='ltr'>saeculi</span> <span class='ocrx_word' id='word_1_46' title='bbox 351 1065 483 1131; x_wconf 85' lang='lat' dir='ltr'>comicis</span> <span class='ocrx_word' id='word_1_47' title='bbox 507 1066 623 1151; x_wconf 90' lang='lat' dir='ltr'>poetis,</span> <span class='ocrx_word' id='word_1_48' title='bbox 648 1086 744 1130; x_wconf 91' lang='lat' dir='ltr'>neme</span> <span class='ocrx_word' id='word_1_49' title='bbox 762 1068 823 1147; x_wconf 89' lang='grc'>661,</span> <span class='ocrx_word' id='word_1_50' title='bbox 841 1066 898 1151; x_wconf 88' lang='lat' dir='ltr'>qui</span> <span class='ocrx_word' id='word_1_51' title='bbox 913 1066 1050 1148; x_wconf 75' lang='lat' dir='ltr'>nesciat,</span> <span class='ocrx_word' id='word_1_52' title='bbox 1076 1070 1137 1131; x_wconf 89' lang='lat' dir='ltr'>aut</span> <span class='ocrx_word' id='word_1_53' title='bbox 1156 1066 1205 1130; x_wconf 90' lang='lat' dir='ltr'>ita</span> <span class='ocrx_word' id='word_1_54' title='bbox 1220 1064 1375 1147; x_wconf 87' lang='lat' dir='ltr'>formata,</span> <span class='ocrx_word' id='word_1_55' title='bbox 1489 1080 1492 1097; x_wconf 72' lang='lat'>⁵</span> 
     </span>
    </p>
   </div>
   <div class='ocr_carea' id='block_1_6' title="bbox 199 1179 1377 1499">
    <p class='ocr_par' dir='ltr' id='par_1_6' title="bbox 199 1179 1377 1499">
     <span class='ocr_line' id='line_1_8' title="bbox 203 1179 1377 1267; baseline 0 -21"><span class='ocrx_word' id='word_1_56' title='bbox 203 1185 242 1247; x_wconf 93' lang='lat' dir='ltr'>ut</span> <span class='ocrx_word' id='word_1_57' title='bbox 268 1182 372 1267; x_wconf 90' lang='lat' dir='ltr'>primo</span> <span class='ocrx_word' id='word_1_58' title='bbox 404 1181 526 1246; x_wconf 90' lang='lat' dir='ltr'>obtutu</span> <span class='ocrx_word' id='word_1_59' title='bbox 561 1200 708 1267; x_wconf 86' lang='lat' dir='ltr'>nequeas</span> <span class='ocrx_word' id='word_1_60' title='bbox 748 1179 936 1264; x_wconf 90' lang='lat' dir='ltr'>diiudicare,</span> <span class='ocrx_word' id='word_1_61' title='bbox 975 1182 1108 1246; x_wconf 91' lang='lat' dir='ltr'>omnine</span> <span class='ocrx_word' id='word_1_62' title='bbox 1144 1180 1274 1266; x_wconf 90' lang='lat' dir='ltr'>propria</span> <span class='ocrx_word' id='word_1_63' title='bbox 1309 1181 1377 1246; x_wconf 87' lang='lat' dir='ltr'>sint</span> 
     </span>
     <span class='ocr_line' id='line_1_9' title="bbox 201 1295 1376 1383; baseline 0 -21"><span class='ocrx_word' id='word_1_64' title='bbox 201 1298 339 1362; x_wconf 89' lang='lat' dir='ltr'>nemina</span> <span class='ocrx_word' id='word_1_65' title='bbox 377 1316 420 1362; x_wconf 88' lang='lat' dir='ltr'>an</span> <span class='ocrx_word' id='word_1_66' title='bbox 456 1296 524 1363; x_wconf 89' lang='lat' dir='ltr'>alia</span> <span class='ocrx_word' id='word_1_67' title='bbox 557 1298 686 1363; x_wconf 90' lang='lat' dir='ltr'>ratione</span> <span class='ocrx_word' id='word_1_68' title='bbox 725 1296 983 1383; x_wconf 88' lang='lat' dir='ltr'>interpretanda.</span> <span class='ocrx_word' id='word_1_69' title='bbox 1042 1295 1221 1381; x_wconf 77' lang='lat' dir='ltr'>Utriusque</span> <span class='ocrx_word' id='word_1_70' title='bbox 1261 1297 1376 1375; x_wconf 90' lang='lat' dir='ltr'>classis</span> 
     </span>
     <span class='ocr_line' id='line_1_10' title="bbox 199 1412 990 1499; baseline 0 -22"><span class='ocrx_word' id='word_1_71' title='bbox 199 1413 354 1499; x_wconf 86' lang='lat' dir='ltr'>exempla</span> <span class='ocrx_word' id='word_1_72' title='bbox 377 1433 463 1497; x_wconf 90' lang='lat' dir='ltr'>quae</span> <span class='ocrx_word' id='word_1_73' title='bbox 488 1415 624 1477; x_wconf 88' lang='lat' dir='ltr'>exstant</span> <span class='ocrx_word' id='word_1_74' title='bbox 648 1433 723 1477; x_wconf 92' lang='lat' dir='ltr'>sum</span> <span class='ocrx_word' id='word_1_75' title='bbox 747 1412 931 1478; x_wconf 80' lang='lat' dir='ltr'>additurus.</span> <span class='ocrx_word' id='word_1_76' title='bbox 989 1461 990 1464; x_wconf 17' lang='grc' dir='ltr'>η</span> 
     </span>
    </p>
   </div>
   <div class='ocr_carea' id='block_1_7' title="bbox 521 1641 1063 1727">
    <p class='ocr_par' dir='ltr' id='par_1_7' title="bbox 521 1641 1063 1727">
     <span class='ocr_line' id='line_1_11' title="bbox 521 1641 1063 1727; baseline 0.004 -19"><span class='ocrx_word' id='word_1_77' title='bbox 521 1641 783 1727; x_wconf 74' lang='lat' dir='ltr'>Theopompi</span> <span class='ocrx_word' id='word_1_78' title='bbox 814 1645 1063 1711; x_wconf 81' lang='grc' dir='ltr'><strong>Πανταλέων.</strong></span> 
     </span>
    </p>
   </div>
   <div class='ocr_carea' id='block_1_8' title="bbox 309 1811 1375 1899">
    <p class='ocr_par' dir='ltr' id='par_1_8' title="bbox 309 1811 1375 1899">
     <span class='ocr_line' id='line_1_12' title="bbox 309 1811 1375 1899; baseline 0.001 -24"><span class='ocrx_word' id='word_1_79' title='bbox 309 1811 430 1877; x_wconf 88' lang='grc' dir='ltr'>Ρ110116</span> <span class='ocrx_word' id='word_1_80' title='bbox 454 1833 672 1877; x_wconf 89' lang='lat' dir='ltr'>commemoro</span> <span class='ocrx_word' id='word_1_81' title='bbox 708 1813 848 1897; x_wconf 87' lang='lat' dir='ltr'>primam</span> <span class='ocrx_word' id='word_1_82' title='bbox 884 1812 1085 1899; x_wconf 80' lang='lat' dir='ltr'>Theopompi</span> <span class='ocrx_word' id='word_1_83' title='bbox 1120 1811 1375 1878; x_wconf 87' lang='lat' dir='ltr'>Pantaleontem</span> 
     </span>
    </p>
   </div>
   <div class='ocr_carea' id='block_1_9' title="bbox 199 1903 1514 2014">
    <p class='ocr_par' dir='ltr' id='par_1_9' title="bbox 199 1903 1514 2014">
     <span class='ocr_line' id='line_1_13' title="bbox 199 1903 1514 2014; baseline 0.001 -23"><span class='ocrx_word' id='word_1_84' title='bbox 199 1925 310 2009; x_wconf 83' lang='lat' dir='ltr'>(Mein.</span> <span class='ocrx_word' id='word_1_85' title='bbox 335 1927 367 1992; x_wconf 94' lang='lat' dir='ltr'>h.</span> <span class='ocrx_word' id='word_1_86' title='bbox 386 1948 427 1992; x_wconf 91' lang='lat' dir='ltr'>cr.</span> <span class='ocrx_word' id='word_1_87' title='bbox 446 1929 528 2010; x_wconf 73' lang='lat'>241;</span> <span class='ocrx_word' id='word_1_88' title='bbox 550 1927 612 1993; x_wconf 91' lang='lat' dir='ltr'>Ko.</span> <span class='ocrx_word' id='word_1_89' title='bbox 633 1928 646 1991; x_wconf 97' lang='grc'>1</span> <span class='ocrx_word' id='word_1_90' title='bbox 665 1928 749 2014; x_wconf 79' lang='grc'>145),</span> <span class='ocrx_word' id='word_1_91' title='bbox 762 1928 813 2008; x_wconf 64' lang='lat'>³⁴⁵)</span> <span class='ocrx_word' id='word_1_92' title='bbox 838 1949 936 2012; x_wconf 90' lang='lat' dir='ltr'>quem</span> <span class='ocrx_word' id='word_1_93' title='bbox 960 1928 1128 1993; x_wconf 91' lang='lat' dir='ltr'>hominem</span> <span class='ocrx_word' id='word_1_94' title='bbox 1144 1927 1285 1993; x_wconf 85' lang='lat' dir='ltr'>eundem</span> <span class='ocrx_word' id='word_1_95' title='bbox 1302 1949 1375 1992; x_wconf 91' lang='lat' dir='ltr'>esse</span> <span class='ocrx_word' id='word_1_96' title='bbox 1428 1959 1432 1963; x_wconf 93' lang='lat'><em>·</em></span> <span class='ocrx_word' id='word_1_97' title='bbox 1512 1903 1514 1906; x_wconf 9' lang='grc' dir='ltr'><em>Α</em></span> 
     </span>
    </p>
   </div>
   <div class='ocr_carea' id='block_1_10' title="bbox 174 2040 1378 3960">
    <p class='ocr_par' dir='ltr' id='par_1_10' title="bbox 174 2040 1378 3960">
     <span class='ocr_line' id='line_1_14' title="bbox 199 2040 1375 2126; baseline 0.002 -20"><span class='ocrx_word' id='word_1_98' title='bbox 199 2044 304 2126; x_wconf 87' lang='lat' dir='ltr'>atque</span> <span class='ocrx_word' id='word_1_99' title='bbox 328 2040 440 2108; x_wconf 80' lang='grc' dir='ltr'>πλάνον</span> <span class='ocrx_word' id='word_1_100' title='bbox 463 2042 640 2126; x_wconf 80' lang='lat' dir='ltr'>famosum,</span> <span class='ocrx_word' id='word_1_101' title='bbox 666 2043 767 2108; x_wconf 87' lang='lat' dir='ltr'>cuius</span> <span class='ocrx_word' id='word_1_102' title='bbox 798 2044 990 2108; x_wconf 91' lang='lat' dir='ltr'>memoriam</span> <span class='ocrx_word' id='word_1_103' title='bbox 1019 2042 1177 2108; x_wconf 90' lang='lat' dir='ltr'>debemus</span> <span class='ocrx_word' id='word_1_104' title='bbox 1201 2043 1375 2108; x_wconf 83' lang='lat' dir='ltr'>Athenaeo</span> 
     </span>
     <span class='ocr_line' id='line_1_15' title="bbox 200 2155 1375 2246; baseline 0.002 -25"><span class='ocrx_word' id='word_1_105' title='bbox 200 2155 290 2242; x_wconf 81' lang='lat' dir='ltr'><strong>(XIV</strong></span> <span class='ocrx_word' id='word_1_106' title='bbox 308 2159 372 2223; x_wconf 89' lang='grc'>616</span> <span class='ocrx_word' id='word_1_107' title='bbox 388 2158 501 2246; x_wconf 58' lang='grc'>611246),</span> <span class='ocrx_word' id='word_1_108' title='bbox 526 2180 633 2243; x_wconf 88' lang='lat' dir='ltr'>neque</span> <span class='ocrx_word' id='word_1_109' title='bbox 651 2157 817 2224; x_wconf 89' lang='lat' dir='ltr'>diversum</span> <span class='ocrx_word' id='word_1_110' title='bbox 835 2159 878 2224; x_wconf 92' lang='lat' dir='ltr'>ab</span> <span class='ocrx_word' id='word_1_111' title='bbox 892 2181 940 2241; x_wconf 85' lang='grc'>60,</span> <span class='ocrx_word' id='word_1_112' title='bbox 965 2160 1000 2223; x_wconf 87' lang='grc'>111</span> <span class='ocrx_word' id='word_1_113' title='bbox 1017 2180 1115 2244; x_wconf 91' lang='lat' dir='ltr'>quem</span> <span class='ocrx_word' id='word_1_114' title='bbox 1132 2161 1237 2224; x_wconf 87' lang='lat' dir='ltr'>oratio</span> <span class='ocrx_word' id='word_1_115' title='bbox 1253 2159 1375 2245; x_wconf 88' lang='lat' dir='ltr'>Lysiae</span> 
     </span>
     <span class='ocr_line' id='line_1_16' title="bbox 199 2269 1373 2361; baseline 0.001 -23"><span class='ocrx_word' id='word_1_116' title='bbox 199 2274 361 2339; x_wconf 87' lang='lat' dir='ltr'>exstabat</span> <span class='ocrx_word' id='word_1_117' title='bbox 396 2269 479 2359; x_wconf 83' lang='grc' dir='ltr'>(πρὸς</span> <span class='ocrx_word' id='word_1_118' title='bbox 502 2278 722 2342; x_wconf 81' lang='grc' dir='ltr'>Πανταλέοντα</span> <span class='ocrx_word' id='word_1_119' title='bbox 754 2274 886 2361; x_wconf 86' lang='lat' dir='ltr'>Sauppe</span> <span class='ocrx_word' id='word_1_120' title='bbox 910 2273 978 2339; x_wconf 90' lang='lat' dir='ltr'>OA</span> <span class='ocrx_word' id='word_1_121' title='bbox 1003 2275 1031 2339; x_wconf 94' lang='grc'>11</span> <span class='ocrx_word' id='word_1_122' title='bbox 1059 2276 1137 2357; x_wconf 75' lang='lat'>2023</span> <span class='ocrx_word' id='word_1_123' title='bbox 1171 2275 1278 2340; x_wconf 89' lang='lat' dir='ltr'>Blass.</span> <span class='ocrx_word' id='word_1_124' title='bbox 1304 2277 1373 2339; x_wconf 91' lang='lat' dir='ltr'>Att.</span> 
     </span>
     <span class='ocr_line' id='line_1_17' title="bbox 203 2387 1378 2477; baseline 0.001 -24"><span class='ocrx_word' id='word_1_125' title='bbox 203 2387 480 2454; x_wconf 59' lang='grc'>661611621313</span> <span class='ocrx_word' id='word_1_126' title='bbox 504 2412 552 2456; x_wconf 88' lang='grc'>111.</span> <span class='ocrx_word' id='word_1_127' title='bbox 579 2392 663 2477; x_wconf 80' lang='grc'>158),</span> <span class='ocrx_word' id='word_1_128' title='bbox 700 2391 870 2456; x_wconf 86' lang='lat' dir='ltr'>sententia</span> <span class='ocrx_word' id='word_1_129' title='bbox 904 2395 977 2456; x_wconf 88' lang='lat' dir='ltr'>erat</span> <span class='ocrx_word' id='word_1_130' title='bbox 1011 2390 1142 2474; x_wconf 86' lang='lat' dir='ltr'>Bergkii</span> <span class='ocrx_word' id='word_1_131' title='bbox 1173 2389 1288 2477; x_wconf 82' lang='lat' dir='ltr'>(Epist.</span> <span class='ocrx_word' id='word_1_132' title='bbox 1322 2389 1378 2456; x_wconf 83' lang='lat' dir='ltr'>ad</span> 
     </span>
     <span class='ocr_line' id='line_1_18' title="bbox 199 2503 1375 2593; baseline 0.003 -25"><span class='ocrx_word' id='word_1_133' title='bbox 199 2503 312 2569; x_wconf 78' lang='lat' dir='ltr'>Schill.</span> <span class='ocrx_word' id='word_1_134' title='bbox 331 2505 371 2569; x_wconf 90' lang='lat' dir='ltr'>in</span> <span class='ocrx_word' id='word_1_135' title='bbox 394 2506 494 2570; x_wconf 89' lang='lat' dir='ltr'>huius</span> <span class='ocrx_word' id='word_1_136' title='bbox 518 2503 568 2571; x_wconf 91' lang='lat' dir='ltr'>ed.</span> <span class='ocrx_word' id='word_1_137' title='bbox 594 2504 752 2572; x_wconf 90' lang='lat' dir='ltr'>Andocid.</span> <span class='ocrx_word' id='word_1_138' title='bbox 777 2529 808 2593; x_wconf 89' lang='lat' dir='ltr'>p.</span> <span class='ocrx_word' id='word_1_139' title='bbox 836 2507 910 2593; x_wconf 85' lang='lat'><strong>136)</strong></span> <span class='ocrx_word' id='word_1_140' title='bbox 935 2511 968 2571; x_wconf 93' lang='lat' dir='ltr'>et</span> <span class='ocrx_word' id='word_1_141' title='bbox 991 2505 1161 2589; x_wconf 78' lang='lat' dir='ltr'>Meirrekii3</span> <span class='ocrx_word' id='word_1_142' title='bbox 1193 2503 1251 2571; x_wconf 90' lang='lat' dir='ltr'>sed</span> <span class='ocrx_word' id='word_1_143' title='bbox 1275 2528 1375 2592; x_wconf 91' lang='lat' dir='ltr'>quam</span> 
     </span>
     <span class='ocr_line' id='line_1_19' title="bbox 199 2619 1374 2708; baseline 0.005 -26"><span class='ocrx_word' id='word_1_144' title='bbox 199 2619 328 2685; x_wconf 89' lang='lat' dir='ltr'>incerta</span> <span class='ocrx_word' id='word_1_145' title='bbox 344 2625 433 2686; x_wconf 91' lang='lat' dir='ltr'>esset</span> <span class='ocrx_word' id='word_1_146' title='bbox 448 2621 532 2686; x_wconf 90' lang='grc'>11660</span> <span class='ocrx_word' id='word_1_147' title='bbox 548 2622 738 2687; x_wconf 89' lang='lat' dir='ltr'>coniectura</span> <span class='ocrx_word' id='word_1_148' title='bbox 754 2625 870 2708; x_wconf 87' lang='lat' dir='ltr'>utpote</span> <span class='ocrx_word' id='word_1_149' title='bbox 886 2622 977 2687; x_wconf 88' lang='lat' dir='ltr'>nullo</span> <span class='ocrx_word' id='word_1_150' title='bbox 994 2621 1059 2688; x_wconf 91' lang='grc'>6110</span> <span class='ocrx_word' id='word_1_151' title='bbox 1076 2623 1152 2687; x_wconf 91' lang='lat' dir='ltr'>nisa</span> <span class='ocrx_word' id='word_1_152' title='bbox 1168 2626 1374 2704; x_wconf 78' lang='lat' dir='ltr'>argumente,</span> 
     </span>
     <span class='ocr_line' id='line_1_20' title="bbox 199 2721 1374 2821; baseline 0.002 -21"><span class='ocrx_word' id='word_1_153' title='bbox 199 2756 302 2819; x_wconf 88' lang='lat' dir='ltr'>quam</span> <span class='ocrx_word' id='word_1_154' title='bbox 326 2735 415 2821; x_wconf 88' lang='lat' dir='ltr'>quod</span> <span class='ocrx_word' id='word_1_155' title='bbox 443 2735 531 2802; x_wconf 91' lang='lat' dir='ltr'>idem</span> <span class='ocrx_word' id='word_1_156' title='bbox 563 2741 615 2802; x_wconf 92' lang='lat' dir='ltr'>est</span> <span class='ocrx_word' id='word_1_157' title='bbox 644 2759 776 2820; x_wconf 83' lang='lat' dir='ltr'>nomen,</span> <span class='ocrx_word' id='word_1_158' title='bbox 812 2759 872 2802; x_wconf 93' lang='lat' dir='ltr'>suo</span> <span class='ocrx_word' id='word_1_159' title='bbox 903 2738 973 2802; x_wconf 92' lang='lat' dir='ltr'>iure</span> <span class='ocrx_word' id='word_1_160' title='bbox 1005 2737 1191 2803; x_wconf 78' lang='lat' dir='ltr'>affirmavit</span> <span class='ocrx_word' id='word_1_161' title='bbox 1224 2721 1374 2804; x_wconf 89' lang='lat' dir='ltr'>Blassius</span> 
     </span>
     <span class='ocr_line' id='line_1_21' title="bbox 201 2850 1374 2940; baseline 0.003 -25"><span class='ocrx_word' id='word_1_162' title='bbox 201 2850 233 2936; x_wconf 87' lang='lat' dir='ltr'>(l.</span> <span class='ocrx_word' id='word_1_163' title='bbox 250 2851 271 2916; x_wconf 90' lang='grc'>1.</span> <span class='ocrx_word' id='word_1_164' title='bbox 297 2853 361 2918; x_wconf 82' lang='grc'>602</span> <span class='ocrx_word' id='word_1_165' title='bbox 377 2873 403 2917; x_wconf 92' lang='lat' dir='ltr'>c.</span> <span class='ocrx_word' id='word_1_166' title='bbox 429 2851 505 2918; x_wconf 89' lang='lat' dir='ltr'>adn.</span> <span class='ocrx_word' id='word_1_167' title='bbox 524 2855 565 2940; x_wconf 79' lang='grc'>1).</span> <span class='ocrx_word' id='word_1_168' title='bbox 590 2852 735 2935; x_wconf 82' lang='lat' dir='ltr'>Accedit,</span> <span class='ocrx_word' id='word_1_169' title='bbox 761 2851 849 2939; x_wconf 90' lang='lat' dir='ltr'>quod</span> <span class='ocrx_word' id='word_1_170' title='bbox 871 2853 1066 2918; x_wconf 87' lang='lat' dir='ltr'>Athenaeus</span> <span class='ocrx_word' id='word_1_171' title='bbox 1085 2875 1102 2918; x_wconf 94' lang='lat' dir='ltr'>e</span> <span class='ocrx_word' id='word_1_172' title='bbox 1120 2855 1251 2919; x_wconf 90' lang='lat' dir='ltr'>comicis</span> <span class='ocrx_word' id='word_1_173' title='bbox 1275 2854 1374 2919; x_wconf 90' lang='lat' dir='ltr'>unius</span> 
     </span>
     <span class='ocr_line' id='line_1_22' title="bbox 198 2966 1374 3054; baseline 0.003 -24"><span class='ocrx_word' id='word_1_174' title='bbox 198 2966 383 3050; x_wconf 79' lang='lat' dir='ltr'>Theogneti</span> <span class='ocrx_word' id='word_1_175' title='bbox 406 2968 635 3034; x_wconf 90' lang='lat' dir='ltr'>testimonium</span> <span class='ocrx_word' id='word_1_176' title='bbox 659 2966 699 3032; x_wconf 91' lang='lat' dir='ltr'>de</span> <span class='ocrx_word' id='word_1_177' title='bbox 722 2967 822 3053; x_wconf 88' lang='lat' dir='ltr'>plano</span> <span class='ocrx_word' id='word_1_178' title='bbox 846 2968 963 3052; x_wconf 74' lang='lat' dir='ltr'>affert3</span> <span class='ocrx_word' id='word_1_179' title='bbox 995 2990 1092 3054; x_wconf 93' lang='lat' dir='ltr'>quem</span> <span class='ocrx_word' id='word_1_180' title='bbox 1123 2972 1268 3054; x_wconf 85' lang='lat' dir='ltr'>poetam,</span> <span class='ocrx_word' id='word_1_181' title='bbox 1301 2990 1374 3034; x_wconf 91' lang='lat' dir='ltr'>cum</span> 
     </span>
     <span class='ocr_line' id='line_1_23' title="bbox 198 3081 1373 3170; baseline 0 -23"><span class='ocrx_word' id='word_1_182' title='bbox 198 3081 387 3148; x_wconf 81' lang='lat' dir='ltr'>Stoicorum</span> <span class='ocrx_word' id='word_1_183' title='bbox 402 3083 670 3170; x_wconf 92' lang='lat' dir='ltr'>philosophorum</span> <span class='ocrx_word' id='word_1_184' title='bbox 687 3086 889 3150; x_wconf 89' lang='lat' dir='ltr'>mentionem</span> <span class='ocrx_word' id='word_1_185' title='bbox 905 3085 1032 3150; x_wconf 90' lang='lat' dir='ltr'>habeat</span> <span class='ocrx_word' id='word_1_186' title='bbox 1048 3084 1097 3170; x_wconf 90' lang='lat' dir='ltr'>(fr.</span> <span class='ocrx_word' id='word_1_187' title='bbox 1113 3088 1141 3166; x_wconf 90' lang='grc'>1,</span> <span class='ocrx_word' id='word_1_188' title='bbox 1159 3083 1219 3149; x_wconf 90' lang='grc' dir='ltr'>Κο.</span> <span class='ocrx_word' id='word_1_189' title='bbox 1233 3083 1373 3170; x_wconf 88' lang='grc'>111364),</span> 
     </span>
     <span class='ocr_line' id='line_1_24' title="bbox 174 3199 1375 3286; baseline 0.002 -24"><span class='ocrx_word' id='word_1_190' title='bbox 174 3202 176 3207; x_wconf 86' lang='grc'><strong>’</strong></span> <span class='ocrx_word' id='word_1_191' title='bbox 197 3202 288 3263; x_wconf 86' lang='grc'>16016</span> <span class='ocrx_word' id='word_1_192' title='bbox 310 3219 419 3264; x_wconf 86' lang='lat' dir='ltr'>novae</span> <span class='ocrx_word' id='word_1_193' title='bbox 444 3199 632 3265; x_wconf 90' lang='lat' dir='ltr'>comoediae</span> <span class='ocrx_word' id='word_1_194' title='bbox 656 3201 762 3266; x_wconf 86' lang='lat' dir='ltr'>aetati</span> <span class='ocrx_word' id='word_1_195' title='bbox 786 3201 939 3286; x_wconf 91' lang='lat' dir='ltr'>ascripsit</span> <span class='ocrx_word' id='word_1_196' title='bbox 960 3200 1102 3265; x_wconf 89' lang='lat' dir='ltr'>Meinek.</span> <span class='ocrx_word' id='word_1_197' title='bbox 1126 3200 1158 3265; x_wconf 95' lang='lat' dir='ltr'>h.</span> <span class='ocrx_word' id='word_1_198' title='bbox 1177 3221 1218 3265; x_wconf 89' lang='lat' dir='ltr'>cr.</span> <span class='ocrx_word' id='word_1_199' title='bbox 1236 3201 1317 3281; x_wconf 77' lang='lat'>4873</span> <span class='ocrx_word' id='word_1_200' title='bbox 1341 3203 1375 3264; x_wconf 91' lang='lat' dir='ltr'>et</span> 
     </span>
     <span class='ocr_line' id='line_1_25' title="bbox 198 3312 1375 3401; baseline 0.003 -24"><span class='ocrx_word' id='word_1_201' title='bbox 198 3313 278 3378; x_wconf 89' lang='lat' dir='ltr'>licet</span> <span class='ocrx_word' id='word_1_202' title='bbox 301 3312 340 3378; x_wconf 94' lang='lat' dir='ltr'>de</span> <span class='ocrx_word' id='word_1_203' title='bbox 364 3314 585 3381; x_wconf 87' lang='lat' dir='ltr'>Pantaleonte</span> <span class='ocrx_word' id='word_1_204' title='bbox 608 3319 739 3381; x_wconf 87' lang='lat' dir='ltr'>mortuo</span> <span class='ocrx_word' id='word_1_205' title='bbox 762 3315 817 3381; x_wconf 94' lang='grc'>1110</span> <span class='ocrx_word' id='word_1_206' title='bbox 841 3315 913 3381; x_wconf 88' lang='grc'>1000</span> <span class='ocrx_word' id='word_1_207' title='bbox 937 3315 1094 3400; x_wconf 90' lang='lat' dir='ltr'>loquatur</span> <span class='ocrx_word' id='word_1_208' title='bbox 1120 3320 1220 3401; x_wconf 89' lang='lat' dir='ltr'>poeta</span> <span class='ocrx_word' id='word_1_209' title='bbox 1246 3313 1375 3401; x_wconf 80' lang='grc' dir='ltr'>(ἐπλάνα</span> 
     </span>
     <span class='ocr_line' id='line_1_26' title="bbox 198 3425 1374 3518; baseline 0.003 -25"><span class='ocrx_word' id='word_1_210' title='bbox 198 3466 244 3476; x_wconf 96' lang='grc'>-</span> <span class='ocrx_word' id='word_1_211' title='bbox 260 3425 497 3518; x_wconf 78' lang='grc' dir='ltr'>ἀπεκραιπάλα),</span> <span class='ocrx_word' id='word_1_212' title='bbox 531 3436 645 3497; x_wconf 88' lang='lat' dir='ltr'>tamen</span> <span class='ocrx_word' id='word_1_213' title='bbox 670 3453 746 3496; x_wconf 93' lang='lat' dir='ltr'>eum</span> <span class='ocrx_word' id='word_1_214' title='bbox 769 3432 837 3497; x_wconf 91' lang='lat' dir='ltr'>iam</span> <span class='ocrx_word' id='word_1_215' title='bbox 860 3431 1064 3518; x_wconf 77' lang='lat' dir='ltr'>Theopompi</span> <span class='ocrx_word' id='word_1_216' title='bbox 1086 3431 1291 3517; x_wconf 90' lang='lat' dir='ltr'>temporibus</span> <span class='ocrx_word' id='word_1_217' title='bbox 1310 3432 1374 3496; x_wconf 86' lang='lat' dir='ltr'>flo-</span> 
     </span>
     <span class='ocr_line' id='line_1_27' title="bbox 199 3544 1374 3613; baseline 0.005 -7"><span class='ocrx_word' id='word_1_218' title='bbox 199 3544 306 3608; x_wconf 89' lang='lat' dir='ltr'>ruisse</span> <span class='ocrx_word' id='word_1_219' title='bbox 329 3545 387 3610; x_wconf 84' lang='lat' dir='ltr'>vix</span> <span class='ocrx_word' id='word_1_220' title='bbox 411 3544 617 3613; x_wconf 86' lang='lat' dir='ltr'>crediderim:</span> <span class='ocrx_word' id='word_1_221' title='bbox 645 3568 712 3613; x_wconf 90' lang='lat' dir='ltr'>nen</span> <span class='ocrx_word' id='word_1_222' title='bbox 734 3549 785 3613; x_wconf 88' lang='lat' dir='ltr'>ita</span> <span class='ocrx_word' id='word_1_223' title='bbox 808 3547 968 3613; x_wconf 87' lang='lat' dir='ltr'>celebrem</span> <span class='ocrx_word' id='word_1_224' title='bbox 991 3548 1246 3613; x_wconf 90' lang='lat' dir='ltr'>homuncionem</span> <span class='ocrx_word' id='word_1_225' title='bbox 1270 3547 1374 3612; x_wconf 86' lang='grc'>101666</span> 
     </span>
     <span class='ocr_line' id='line_1_28' title="bbox 197 3658 1374 3749; baseline 0.004 -27"><span class='ocrx_word' id='word_1_226' title='bbox 197 3679 242 3722; x_wconf 84' lang='lat' dir='ltr'>ex</span> <span class='ocrx_word' id='word_1_227' title='bbox 266 3658 406 3725; x_wconf 91' lang='lat' dir='ltr'>aliorum</span> <span class='ocrx_word' id='word_1_228' title='bbox 430 3662 627 3728; x_wconf 88' lang='lat' dir='ltr'>comicorum</span> <span class='ocrx_word' id='word_1_229' title='bbox 652 3664 783 3729; x_wconf 91' lang='lat' dir='ltr'>silentio</span> <span class='ocrx_word' id='word_1_230' title='bbox 808 3663 976 3730; x_wconf 89' lang='lat' dir='ltr'>concludo.</span> <span class='ocrx_word' id='word_1_231' title='bbox 1025 3663 1090 3728; x_wconf 84' lang='lat' dir='ltr'>Sed</span> <span class='ocrx_word' id='word_1_232' title='bbox 1113 3663 1180 3728; x_wconf 90' lang='lat' dir='ltr'>alia</span> <span class='ocrx_word' id='word_1_233' title='bbox 1203 3667 1374 3749; x_wconf 90' lang='lat' dir='ltr'>praeterea</span> 
     </span>
     <span class='ocr_line' id='line_1_29' title="bbox 197 3776 1373 3862; baseline 0.003 -24"><span class='ocrx_word' id='word_1_234' title='bbox 197 3778 253 3838; x_wconf 90' lang='lat' dir='ltr'>est</span> <span class='ocrx_word' id='word_1_235' title='bbox 269 3795 381 3858; x_wconf 85' lang='lat' dir='ltr'>cause,</span> <span class='ocrx_word' id='word_1_236' title='bbox 399 3798 466 3862; x_wconf 87' lang='lat' dir='ltr'>qua</span> <span class='ocrx_word' id='word_1_237' title='bbox 482 3776 646 3843; x_wconf 91' lang='lat' dir='ltr'>adductus</span> <span class='ocrx_word' id='word_1_238' title='bbox 664 3778 773 3844; x_wconf 91' lang='lat' dir='ltr'>dubiis</span> <span class='ocrx_word' id='word_1_239' title='bbox 790 3780 841 3845; x_wconf 91' lang='lat' dir='ltr'>his</span> <span class='ocrx_word' id='word_1_240' title='bbox 859 3779 967 3844; x_wconf 90' lang='lat' dir='ltr'>titulis</span> <span class='ocrx_word' id='word_1_241' title='bbox 983 3779 1239 3845; x_wconf 90' lang='lat' dir='ltr'>Pantaleontem</span> <span class='ocrx_word' id='word_1_242' title='bbox 1256 3800 1373 3844; x_wconf 87' lang='lat' dir='ltr'>accen-</span> 
     </span>
     <span class='ocr_line' id='line_1_30' title="bbox 197 3890 1373 3960; baseline 0.003 -6"><span class='ocrx_word' id='word_1_243' title='bbox 197 3910 271 3954; x_wconf 86' lang='lat' dir='ltr'>sere</span> <span class='ocrx_word' id='word_1_244' title='bbox 288 3890 401 3956; x_wconf 90' lang='lat' dir='ltr'>malim</span> <span class='ocrx_word' id='word_1_245' title='bbox 411 3930 452 3939; x_wconf 96' lang='lat'><em>-</em></span> <span class='ocrx_word' id='word_1_246' title='bbox 461 3913 540 3957; x_wconf 89' lang='lat' dir='ltr'>nam</span> <span class='ocrx_word' id='word_1_247' title='bbox 553 3914 674 3958; x_wconf 89' lang='lat' dir='ltr'>nemen</span> <span class='ocrx_word' id='word_1_248' title='bbox 683 3895 944 3960; x_wconf 89' lang='lat' dir='ltr'>Atheniensibus</span> <span class='ocrx_word' id='word_1_249' title='bbox 953 3895 1088 3959; x_wconf 89' lang='lat' dir='ltr'>minime</span> <span class='ocrx_word' id='word_1_250' title='bbox 1097 3893 1373 3960; x_wconf 85' lang='lat' dir='ltr'>usitatumiuisse</span> 
     </span>
    </p>
   </div>
   <div class='ocr_carea' id='block_1_11' title="bbox 202 4079 413 4089">
    <p class='ocr_par' dir='ltr' id='par_1_11' title="bbox 202 4079 413 4089">
     <span class='ocr_line' id='line_1_31' title="bbox 202 4079 413 4089; baseline 0 -3"><span class='ocrx_word' id='word_1_251' title='bbox 202 4079 413 4089; x_wconf 65' lang='lat'>——.—</span> 
     </span>
    </p>
   </div>
   <div class='ocr_carea' id='block_1_12' title="bbox 196 4173 1372 4510">
    <p class='ocr_par' dir='ltr' id='par_1_12' title="bbox 197 4173 1372 4336">
     <span class='ocr_line' id='line_1_32' title="bbox 308 4173 1372 4248; baseline -0.001 -19"><span class='ocrx_word' id='word_1_252' title='bbox 308 4173 352 4243; x_wconf 60' lang='lat'><strong>²⁴⁴¹)</strong></span> <span class='ocrx_word' id='word_1_253' title='bbox 366 4177 490 4229; x_wconf 82' lang='lat' dir='ltr'>Ceterum</span> <span class='ocrx_word' id='word_1_254' title='bbox 505 4175 539 4230; x_wconf 79' lang='lat' dir='ltr'>ci.</span> <span class='ocrx_word' id='word_1_255' title='bbox 553 4178 621 4230; x_wconf 86' lang='lat' dir='ltr'>Poll.</span> <span class='ocrx_word' id='word_1_256' title='bbox 636 4178 677 4243; x_wconf 90' lang='lat'>10,</span> <span class='ocrx_word' id='word_1_257' title='bbox 686 4179 718 4230; x_wconf 91' lang='grc'>41</span> <span class='ocrx_word' id='word_1_258' title='bbox 733 4183 777 4244; x_wconf 86' lang='lat'>(:</span> <span class='ocrx_word' id='word_1_259' title='bbox 789 4177 823 4231; x_wconf 82' lang='lat' dir='ltr'>fr.</span> <span class='ocrx_word' id='word_1_260' title='bbox 837 4178 943 4244; x_wconf 72' lang='grc'>40110.)</span> <span class='ocrx_word' id='word_1_261' title='bbox 958 4177 988 4231; x_wconf 77' lang='grc' dir='ltr'>ἐν</span> <span class='ocrx_word' id='word_1_262' title='bbox 1000 4180 1183 4232; x_wconf 68' lang='grc' dir='ltr'>Πανταλέοντι</span> <span class='ocrx_word' id='word_1_263' title='bbox 1199 4175 1372 4248; x_wconf 74' lang='grc' dir='ltr'>Θεοπόμπου,</span> 
     </span>
     <span class='ocr_line' id='line_1_33' title="bbox 197 4261 784 4336; baseline 0.007 -22"><span class='ocrx_word' id='word_1_264' title='bbox 197 4261 233 4315; x_wconf 72' lang='grc' dir='ltr'>εἰ</span> <span class='ocrx_word' id='word_1_265' title='bbox 249 4263 305 4315; x_wconf 86' lang='grc' dir='ltr'>καὶ</span> <span class='ocrx_word' id='word_1_266' title='bbox 326 4263 594 4335; x_wconf 72' lang='grc' dir='ltr'>ἀμφισβητεῖται</span> <span class='ocrx_word' id='word_1_267' title='bbox 613 4265 646 4316; x_wconf 83' lang='grc' dir='ltr'>τὸ</span> <span class='ocrx_word' id='word_1_268' title='bbox 666 4265 784 4336; x_wconf 77' lang='grc' dir='ltr'>δρᾶμα.</span> 
     </span>
    </p>

    <p class='ocr_par' dir='ltr' id='par_1_13' title="bbox 196 4352 1372 4510">
     <span class='ocr_line' id='line_1_34' title="bbox 307 4352 1372 4424; baseline 0.001 -18"><span class='ocrx_word' id='word_1_269' title='bbox 307 4352 352 4420; x_wconf 83' lang='lat'>²⁴⁸)</span> <span class='ocrx_word' id='word_1_270' title='bbox 371 4354 461 4407; x_wconf 84' lang='lat' dir='ltr'>Affert</span> <span class='ocrx_word' id='word_1_271' title='bbox 483 4355 631 4423; x_wconf 87' lang='lat' dir='ltr'>Tlreogueti</span> <span class='ocrx_word' id='word_1_272' title='bbox 651 4357 744 4408; x_wconf 91' lang='lat' dir='ltr'>comici</span> <span class='ocrx_word' id='word_1_273' title='bbox 764 4358 810 4422; x_wconf 67' lang='grc' dir='ltr'>(Ξ</span> <span class='ocrx_word' id='word_1_274' title='bbox 828 4354 863 4408; x_wconf 80' lang='lat' dir='ltr'>tr.</span> <span class='ocrx_word' id='word_1_275' title='bbox 884 4356 909 4424; x_wconf 78' lang='lat'>2,</span> <span class='ocrx_word' id='word_1_276' title='bbox 928 4357 977 4410; x_wconf 89' lang='lat' dir='ltr'>Ko.</span> <span class='ocrx_word' id='word_1_277' title='bbox 998 4357 1114 4423; x_wconf 84' lang='grc'>111365)</span> <span class='ocrx_word' id='word_1_278' title='bbox 1134 4365 1214 4424; x_wconf 84' lang='lat' dir='ltr'>atque</span> <span class='ocrx_word' id='word_1_279' title='bbox 1229 4356 1372 4424; x_wconf 88' lang='lat' dir='ltr'>Chrysippi</span> 
     </span>
     <span class='ocr_line' id='line_1_35' title="bbox 196 4441 651 4510; baseline 0.013 -18"><span class='ocrx_word' id='word_1_280' title='bbox 196 4441 352 4510; x_wconf 87' lang='lat' dir='ltr'>philosophi</span> <span class='ocrx_word' id='word_1_281' title='bbox 372 4443 405 4497; x_wconf 88' lang='lat' dir='ltr'>de</span> <span class='ocrx_word' id='word_1_282' title='bbox 424 4445 471 4496; x_wconf 90' lang='lat' dir='ltr'>illo</span> <span class='ocrx_word' id='word_1_283' title='bbox 490 4446 651 4500; x_wconf 84' lang='lat' dir='ltr'>testimonia.</span> 
     </span>
    </p>
   </div>
   <div class='ocr_carea' id='block_1_13' title="bbox 0 0 1572 5024">
    <p class='ocr_par' dir='ltr' id='par_1_14' title="bbox 0 0 1572 5024">
     <span class='ocr_line' id='line_1_36' title="bbox 0 0 1572 5024; baseline 0 1"><span class='ocrx_word' id='word_1_284' title='bbox 0 0 1572 5024; x_wconf 95' lang='lat' dir='ltr'> </span> 
     </span>
    </p>
   </div>
  </div>
 </body>
</html>
