3136 5024
692 265 868 318 -43‘-

196 440 275 506 tidis
306 440 550 507 comoediarum
581 441 733 524 catalogo
765 441 925 516 omissum
948 441 1136 527 Hesychius
1167 442 1317 506 servavit
1340 464 1366 508 s

157 540 161 545 ’
196 553 229 621 οὐ
242 555 327 642 μάλα
337 555 450 633 κικκάς
460 556 685 639 fragmentum
696 578 866 643 apponens
879 556 997 621 misere
1012 560 1200 643 corruptum
1217 557 1271 641 (10
1282 557 1366 645 Ka).

196 672 329 754 Nomen¹
341 676 413 738 erat
431 676 465 738 et
480 671 569 759 apud
587 677 713 738 ceteros
730 671 873 738 Graecos
884 674 920 760 ⁷9)
946 676 980 737 et
996 671 1085 758 apud
1102 673 1322 738 Athenienses
1330 674 1367 757 ⁸⁰)
1429 712 1430 715 =

197 809 296 874 saepe
319 788 494 864 usitatum.
534 790 644 873 Atque
660 787 845 853 Meinekius
869 787 889 853 l.
906 787 927 853 l.
944 787 1095 853 fabulam
1120 787 1369 853 denominatam

197 914 270 969 esse
300 906 400 989 putat
429 907 490 969 aut
519 904 562 968 ab
586 903 768 969 Alcibiadis
792 902 995 990 paedagogo,
1025 925 1120 969 servo
1144 903 1282 969 Thracio
1306 904 1369 969 hoc

197 1019 330 1083 nomine
355 1019 530 1107 ornato,⁸¹)
556 1023 617 1084 aut
647 1020 690 1085 ab
720 1019 775 1084 illo
800 1019 936 1105 Zopyro,
968 1019 1062 1084 cuius
1090 1040 1210 1084 nomen
1234 1016 1368 1085 Phaedo

199 1133 327 1217 dialogo
363 1135 594 1222 inscripsit:⁸2)
631 1135 727 1200 alteri
762 1135 809 1199 illi
840 1135 1048 1206 coniecturae
1082 1134 1215 1202 videtur
1244 1135 1367 1217 favere,

198 1249 286 1333 quod
316 1249 494 1338 Lucienus
515 1255 549 1315 et
580 1250 757 1337 Alciphron
789 1249 1053 1316 adulescentium
1083 1248 1292 1336 paedagogos
1322 1251 1369 1316 sic

199 1364 469 1453 appellarunt;⁸³)
497 1365 675 1432 verisimile
707 1358 759 1431 e'st
788 1388 846 1453 per
876 1365 1079 1433 comoediam
1109 1366 1198 1432 hunc
1224 1366 1368 1431 nominis

167 1501 170 1504 ’
199 1502 297 1545 usum
317 1480 364 1547 ad
387 1502 444 1547 eos
467 1483 667 1567 pervenisse.
715 1485 826 1568 Atque
850 1503 925 1546 cum
948 1481 1009 1546 tali
1033 1481 1204 1547 comoedia
1234 1502 1368 1568 compa-

199 1594 323 1660 randae
340 1596 409 1661 sint
424 1596 561 1662 fabulae
577 1596 653 1662 illae
668 1596 781 1673 Κόννος
796 1597 974 1683 inscriptae
991 1596 1039 1683 (v..
1051 1619 1152 1683 supra
1167 1620 1197 1682 p.
1217 1588 1258 1661 13
1275 1597 1368 1685 sqql,
1471 1593 1472 1596 '

199 1711 319 1794 quibus
336 1714 370 1776 et
385 1712 465 1798 ipsis
481 1712 735 1798 praeclarissimi
750 1713 814 1777 viri
830 1713 894 1778 etsi
914 1733 981 1777 non
998 1711 1220 1799 paedagogus²
1245 1716 1282 1778 at
1297 1734 1369 1777 ma-

200 1827 301 1912 gister
329 1847 450 1893 nomen
481 1827 628 1916 dedit.⁸t)
676 1828 885 1912 Quamquam
916 1850 972 1914 pro
1005 1833 1093 1894 certo
1121 1829 1183 1893 hoc
1207 1828 1370 1893 affirmari

199 1963 265 2007 non
289 1963 386 2028 posse
410 1944 492 2026 sci03
516 1944 578 2009 hoc
602 1947 727 2009 certum
750 1942 892 2026 videtur,
926 1944 1014 2028 quod
1037 1944 1203 2009 neminem
1227 1965 1369 2009 comme-

89 2068 93 2072 “
200 2079 346 2125 morasse
369 2058 476 2141 video,
493 2059 703 2146 participium
726 2057 951 2144 περικαιόμενος
971 2060 1088 2145 Zopyri
1111 2060 1237 2124 nomini
1260 2060 1369 2125 adiec-

88 2157 94 2168 ’
199 2177 272 2239 tum
285 2172 527 2258 quodammodo
539 2175 712 2240 cohaerere
726 2196 800 2239 cum
812 2175 912 2240 huius
929 2175 1172 2257 significatione
1184 2197 1190 2256 3
1202 2176 1238 2261 85)
1255 2179 1369 2240 tamen

200 2290 229 2354 si
251 2290 412 2374 quishac
434 2311 468 2355 re
492 2291 586 2355 nisus
611 2291 743 2355 omnino
768 2311 835 2355 non
858 2291 1024 2376 proprium
1041 2312 1161 2355 nomen
1178 2290 1369 2373 intellegen-

200 2405 279 2470 dum
302 2427 375 2471 esse
398 2406 578 2491 putaverit,
603 2405 662 2470 sed
685 2427 825 2492 prunam
849 2406 960 2471 nescio
984 2427 1049 2490 quo
1073 2410 1171 2492 pacto
1196 2428 1270 2471 cum
1295 2405 1369 2470 dra-

199 2520 300 2587 matis
324 2522 454 2587 actione
479 2522 700 2603 coniunctam,
729 2520 881 2605 equidem
905 2543 972 2586 non
996 2523 1170 2588 assentiar.

505 2750 806 2820 Anaxandridis
834 2752 1056 2830 Σώσιππος.

308 2920 472 3024 Incertam
496 2923 563 2986 scio
587 2943 640 2986 me
663 2921 840 3007 periclitari
864 2922 1095 3003 coniecturam,
1122 2943 1196 2986 cum
1212 2924 1371 2987 Anaxan-

203 3034 304 3101 dridis
327 3035 479 3100 fabulam
511 3037 670 3123 Sosippus
700 3038 892 3122 inscriptam
924 3037 1034 3123 (Mein.
1052 3038 1084 3101 h.
1103 3059 1144 3101 cr.
1163 3038 1242 3119 3733
1266 3037 1326 3102 Kc.
1344 3038 1372 3102 ll

201 3168 412 3185 ...ῇρ-...-

306 3233 340 3301 ⁷³)
359 3231 399 3287 Of.
419 3233 631 3299 Pape-Benseler
649 3232 714 3284 Lex.
728 3231 753 3284 d.
768 3249 806 3297 gr.
820 3233 934 3299 Eigenn.
949 3250 969 3285 s.
984 3250 1009 3284 n.

306 3321 337 3381 ⁸⁰)
355 3321 457 3388 Viginti
479 3321 551 3388 apud
571 3321 680 3374 Kirchn.
700 3322 776 3376 1407
791 3337 828 3387 sq.
843 3321 943 3388 11462,
962 3338 1074 3388 quorum
1092 3328 1180 3373 tamen
1193 3320 1259 3373 'lere
1279 3338 1371 3374 omnes

200 3413 295 3464 aetatis
317 3412 482 3478 posterioris,
506 3426 574 3463 saec.
594 3411 641 3462 III.
661 3411 703 3465 11„
715 3411 737 3478 1,
756 3418 865 3477 practer
887 3427 927 3463 nr.
947 3411 1024 3466 6257.
1044 3411 1143 3476 (6271).
1163 3427 1200 3447 -’
1211 3411 1370 3476 Saepissime

200 3502 392 3567 imperatorum
410 3498 592 3552 Romanorum
611 3500 777 3565 temporibus
797 3501 904 3552 nomine
918 3501 1064 3552 utebantur
1081 3500 1268 3567 Athenienses,
1288 3517 1310 3552 r.
1326 3499 1372 3552 lG

199 3589 240 3640 111
257 3587 311 3641 ind.

306 3675 338 3741 ⁸¹)
356 3677 424 3728 Plat.
452 3677 539 3728 Alcib.
567 3677 624 3742 lp.
645 3677 714 3729 1226
741 3677 784 3727 σοὶ
806 3675 833 3726 d’
853 3673 873 3727 ὦ
892 3675 1049 3746 Ἀλκιβιάδη
1078 3677 1211 3746 Περικλῆς
1238 3676 1372 3748 ἐπέστησε

199 3764 380 3832 παιδαγωγὸν
400 3765 454 3815 τῶν
472 3763 586 3815 οἰκετῶν
605 3765 652 3815 τὸν
672 3762 848 3834 ἀχρειότατον
868 3764 922 3816 ὑπὸ
940 3763 1039 3834 γήρως,
1060 3762 1188 3834 Ζώπυρον
1207 3765 1254 3815 τὸν
1270 3763 1371 3834 Θρᾷκα,

203 3853 244 3907 Cf.
264 3855 334 3906 Plut.
354 3853 441 3906 Alcib.
463 3853 491 3920 13
511 3854 593 3906 Clem.
607 3855 685 3906 Alex.
705 3854 785 3906 Paed.
806 3855 818 3906 1
833 3856 848 3908 7
861 3856 897 3920 (p.
912 3855 964 3907 130
977 3855 1006 3906 Ρ.
1022 3879 1054 3898 --
1069 3855 1145 3906 1122
1160 3855 1299 3919 Staehlin).

306 3941 339 4008 ⁸²)
360 3941 443 3994 Bekk.
463 3941 567 3994 Anecd.
589 3943 688 4009 107‚3;
708 3943 802 3996 Theon
822 3944 964 4010 Progymn.
985 3944 1062 3997 1177
1075 3944 1162 3996 Wala
1183 3944 1264 3995 Mein.
1279 3944 1294 3995 1.
1310 3945 1326 3995 l.

306 4029 339 4098 83)
359 4031 421 4084 Luc.
447 4032 528 4083 Conv.
554 4032 601 4098 263
630 4033 750 4098 Alciphr.
776 4032 814 4083 111
834 4033 894 4100 ‘nn
919 4031 1084 4099 (Schepers);
1113 4032 1147 4085 ci.
1167 4031 1276 4098 Sondag
1301 4032 1370 4084 Diss.

199 4121 272 4187 p.-61
292 4136 331 4186 sq.

306 4206 339 4275 ⁸⁴)
357 4208 483 4261 Fortasse
503 4209 597 4261 fabula
619 4211 677 4276 ipso
697 4210 805 4277 Zopyro
825 4211 878 4261 iam
897 4217 1002 4262 mortuo
1022 4226 1050 4261 re
1069 4225 1132 4261 vera
1151 4211 1179 4260 in
1203 4207 1372 4262 Alcibiadem

200 4297 376 4352 scribebatur.

306 4383 340 4451 ⁸⁶)
359 4385 496 4453 Spintheri
515 4388 610 4452 tragici
628 4387 766 4455 Ἡρακλέα
785 4384 997 4457 περικαιόμενον
1010 4386 1105 4454 (Suid.)
1118 4386 1221 4440 confert
1235 4388 1314 4440 Mein.
1326 4388 1342 4438 l.
1355 4389 1370 4441 l.
