3136 5024
630 254 807 307 ..13-

131 432 238 511 Quam
269 430 491 496 coniecturam
523 430 676 514 quotiens
707 430 842 515 probes,
878 450 944 494 non
977 429 1016 495 de
1052 435 1140 495 certo
1169 431 1305 497 ‘homine

132 547 264 630 cogites
738 623 741 631 Ι

238 661 418 746 Hucusque
447 660 620 747 praefatus
644 659 687 725 ad
710 652 817 746 ip'sam
847 660 915 725 iam
946 659 1101 726 accedam
1132 661 1305 727 titulorum

132 777 415 843 enumerationem
449 776 765 859 tractationemque3
801 779 903 860 atque
938 776 1084 841 virorum
1117 778 1254 843 nomina
1285 800 1305 842 a

131 894 306 959 mulierum
330 914 462 978 prorsus
479 892 651 978 separabo,
668 887 708 956 ut
724 891 872 956 eiusdem
888 893 1016 973 generis
1040 892 1130 957 tituli
1154 893 1216 958 sub
1238 915 1304 958 uno

131 1014 309 1094 conspectu
344 1012 521 1094 ponantur.
564 1007 642 1073 'Non
662 1007 815 1072 omittam
832 1010 946 1072 autem
968 1009 1092 1073 veteris
1117 1007 1305 1074 comoediae

131 1124 255 1189 similes
270 1123 395 1188 indices
411 1123 563 1209 primum,
589 1123 668 1207 quia
682 1121 774 1218 nullo
794 1120 891 1187 modo
908 1127 1006 1187 vetus
1023 1122 1193 1188 comoedia
1216 1145 1304 1190 anno

131 1243 218 1305 certo
242 1242 353 1325 potest
375 1238 555 1314 terminari,
580 1258 597 1302 e
622 1258 686 1323 quo
714 1236 824 1302 media
853 1237 986 1302 initium
1015 1239 1140 1325 cepisse
1164 1238 1303 1321 dicatur,

132 1353 248 1420 deinde
265 1356 304 1419 ut
320 1375 434 1420 omnes
451 1354 662 1439 apponantur
678 1353 778 1418 huius
794 1353 922 1435 generis
939 1346 1029 1419 tituli
1046 1354 1169 1419 comici.
1194 1357 1304 1441 Atque

131 1470 332 1535 enumerabo
357 1491 413 1534 eos
436 1469 473 1534 in
496 1468 683 1554 complures
703 1468 837 1551 classes,
867 1489 951 1553 quas
979 1468 1153 1535 instituere
1183 1469 1303 1551 lubuit,

132 1584 336 1666 distributos,
366 1585 401 1648 in
432 1583 571 1666 singulis
601 1584 765 1649 classibus
796 1587 991 1670 temporum,
1023 1587 1186 1668 quantum
1217 1584 1303 1667 licet,

130 1701 278 1767 rationes
302 1700 551 1766 observaturus.
577 1698 693 1764 Ordior
716 1702 830 1764 autem
855 1700 897 1764 ab
921 1700 962 1764 iis
987 1699 1229 1766 comoediarum
1253 1701 1304 1766 in-

132 1816 376 1901 scriptionibus,
394 1836 479 1900 quae
496 1837 517 1880 a
532 1816 620 1880 veris
636 1816 782 1882 virorum
798 1815 988 1880 nominibus
1006 1817 1086 1902 (non
1104 1817 1303 1898 cognomini-

130 1931 194 1996 bus
211 1931 340 2017 iocosis)
358 1933 485 1995 tractae
503 1928 546 1994 ad
561 1930 712 1994 homines
728 1930 824 1996 nobis
841 1951 971 2016 quoque
988 1934 1086 1996 notos
1099 1932 1303 2013 argumentis
1414 1997 1417 2004 ,

131 2045 309 2111 admodum
333 2046 387 2111 vel
411 2046 495 2110 satis
520 2045 616 2110 certis
640 2049 782 2131 possunt
803 2045 967 2133 reierri.¹⁸)

610 2327 823 2334 Ἥ

610 2339 820 2347 ———---.

316 2671 319 2678 .
362 2542 391 2578 ⁶
438 2595 715 2696 VtRORUhl
749 2596 997 2691 uomina

525 2895 736 2982 hmipsiae'
773 2896 912 2974 Κόννος.

232 3020 366 3130 vAgmen
384 3047 485 3148 ducat
499 3049 669 3134 Amipsiae
684 3048 800 3125 Κόννος
815 3049 923 3135 (Mein.
940 3050 972 3116 h.
990 3072 1031 3115 cr.
1049 3052 1111 3115 201
1139 3072 1225 3137 sqq.;
1242 3051 1303 3116 Kc.

67 3250 69 3255 Ι
131 3164 145 3227 Ι
163 3165 224 3228 671
251 3163 344 3249 sqq.),
369 3167 446 3229 acta
462 3164 631 3250 Dionysiis
647 3165 727 3230 anni
744 3166 809 3228 423
833 3165 912 3248 (una
929 3187 1003 3230 cum
1020 3166 1182 3251 prioribus
1198 3166 1304 3231 Nubi-

131 3317 343 3327 ———

241 3392 272 3456 ¹⁸)
304 3394 374 3459 Quas
406 3397 511 3460 saepius
543 3396 711 3448 laudabimus
742 3398 859 3449 virorum
890 3395 1027 3450 doctorum
1059 3399 1305 3464 commentationes

132 3498 224 3536 carum
244 3483 336 3548 plenos
349 3484 443 3536 titulos
462 3483 513 3536 hoc
532 3486 589 3537 loco
603 3485 677 3537 lubet
692 3484 800 3552 afferre,
820 3493 850 3538 ut
863 3492 958 3552 postea
970 3484 1133 3551 compendiis
1152 3487 1192 3537 uti
1212 3487 1304 3538 liceat:

131 3571 269 3623 Bcchtel
292 3562 342 3623 Die
366 3573 498 3625 attischen
523 3573 731 3626 Frauennamen
750 3578 796 3639 (z
814 3575 885 3640 Fr.);
909 3573 1040 3627 Bender
1065 3575 1104 3627 De
1124 3574 1243 3627 Graecae
1264 3590 1306 3626 co·

132 3659 253 3712 moediae
272 3661 358 3713 titulis
378 3660 537 3727 duplicibus.
567 3662 628 3714 Diss
665 3663 753 3730 Marp.
774 3663 858 3729 1905;
881 3663 1000 3714 Dictzc
1024 3663 1063 3714 De
1083 3662 1241 3715 Philemone
1261 3679 1304 3715 co·

132 3750 208 3801 mico.
238 3749 306 3800 Diss.
336 3749 407 3801 Gott.
433 3750 515 3815 19013
539 3749 625 3802 Fick
649 3750 699 3802 Die
723 3749 906 3817 griechischen
927 3751 1171 3817 Personennamen,
1194 3751 1218 3805 2.
1232 3749 1304 3803 Aufl.

112 3887 113 3890 ,
132 3854 183 3890 von
204 3839 237 3889 A.
250 3837 317 3890 Fick
336 3855 361 3889 u.
383 3837 413 3889 F.
427 3837 538 3891 Bechtel
556 3842 605 3903 (z
621 3838 836 3905 Fick·Bechtell;
859 3839 945 3891 Haas
964 3840 1004 3891 De
1024 3840 1178 3892 comoediae
1197 3840 1304 3891 Atticae

132 3926 260 3992 antiquae
280 3924 434 3982 fabularum
456 3926 616 3982 nominibus.
635 3926 729 3992 Progr.
749 3926 824 3979 Melk
843 3927 971 3991 ulem).
991 3927 1138 3993 11(1903);
1158 3926 1305 3980 Schmidt

132 4013 184 4065 Die
202 4013 385 4079 griechischen
400 4015 635 4067 Personennamen
649 4015 691 4069 bei
704 4016 817 4068 Plautus
831 4017 921 4068 Herm.
936 4015 1066 4069 XXXVII
1079 4016 1170 4082 (19021
1183 4017 1234 4070 173
1248 4033 1304 4084 sqq·

131 4103 184 4156 353
197 4118 253 4169 sqq.
273 4104 325 4156 608
339 4120 411 4171 sqq.;
431 4104 564 4171 Sondag
581 4104 620 4156 Dc
635 4105 786 4157 nominibus
800 4104 872 4172 apud
887 4105 1079 4173 Alciphronem
1093 4107 1214 4173 propriis.
1235 4106 1304 4159 Diss.

132 4191 217 4243 Bonn.
239 4191 324 4258 1905;
353 4194 487 4258 Steiger
512 4193 568 4245 Der
587 4193 752 4260 Eigenname
776 4195 803 4246 in
828 4193 876 4246 der
899 4194 1031 4246 attischcn
1052 4193 1207 4247 Komocdie.
1231 4183 1304 4262 'Dios‘

133 4279 188 4332 Eri.
211 4281 293 4346 18s83
313 4282 459 4347 Wagner
477 4281 665 4350 Symbolarum
684 4283 719 4352 ad
738 4285 899 4336 comicorum
918 4283 1081 4335 Graecorum
1100 4283 1238 4336 historiam
1257 4284 1306 4336 cri·

131 4369 212 4420 ticam
226 4370 315 4436 capita
329 4376 461 4436 quattuor.
482 4370 550 4422 Diss.
569 4370 641 4437 Lips.
663 4370 746 4437 19053
769 4371 879 4423 Wilhc
890 4373 929 4422 lm
943 4369 1094 4423 Urkunden
1107 4370 1303 4424 dramatischer
