3136 5024
759 274 936 327 ..64-

677 459 852 550 Εριιιρρι
882 459 1028 527 ursui.
1079 468 1081 475 ¹

368 631 553 714 Ambiguae
578 629 806 716 explicationis
832 634 883 696 est
906 630 1046 716 llphippi
1070 629 1184 717 Cydon
1208 630 1316 717 (Mein.
1338 631 1371 696 b.
1393 652 1437 697 er.

263 748 342 828 3523
367 746 426 812 Ko.
452 747 567 811 11256
592 747 662 833 sip),
699 744 738 810 de
770 767 836 830 qua
866 745 983 811 fabula
1013 747 1096 811 haec
1122 746 1246 833 profert
1268 745 1330 812 Ka.
1354 746 1375 812 l.
1401 747 1438 812 l.:

266 863 448 945 „Zenobius
472 864 504 944 2,
519 863 563 925 42
587 860 637 927 ἀεί
660 884 705 938 τις
725 863 755 926 ἐν
772 862 932 938 Κύδωνος·
947 859 996 926 ἐπὶ
1019 859 1079 927 τῶν
1103 860 1263 948 ριλοξένων
1286 858 1441 948 καὶπρὸς

262 972 414 1063 ὑποδοχὴν
427 979 564 1063 ἑτοίμων.
583 981 712 1062 παρόσον
725 971 739 1043 ό
753 977 915 1062 Κορίνδιος
930 973 1038 1043 Κύδων
1054 976 1294 1064 ιριλοξενιότατος
1305 979 1439 1062 ἐγένετο.

263 1093 303 1159 cf.
321 1094 457 1176 Diogen.
483 1096 513 1176 8,
530 1095 583 1159 42.
623 1094 744 1159 Macar.
772 1096 800 1176 1,
819 1094 871 1158 32.
907 1093 1056 1179 Apostol.
1083 1094 1135 1175 16,
1152 1094 1205 1158 59.
1222 1092 1318 1159 Phot.
1344 1094 1392 1170 τίς
1408 1095 1441 1159 ἐν

263 1207 411 1286 Κύδωνος.
449 1208 539 1274 Suid.
557 1209 605 1286 τίς
621 1213 654 1275 et
671 1207 720 1274 ἀεί
735 1214 811 1285 τις.“
853 1209 888 1273 81
905 1207 984 1293 quid
1001 1230 1173 1274 commune
1189 1209 1293 1274 habet
1314 1208 1441 1275 titulus

263 1346 337 1390 oum
361 1325 426 1401 isto
450 1325 632 1410 proverbio,
658 1329 719 1390 aut
742 1325 911 1411 Ephippus
935 1325 1044 1410 ipsum
1067 1323 1160 1388 illum
1180 1324 1387 1390 Corinthium
1403 1327 1442 1390 in

263 1461 420 1506 scaenam
443 1439 600 1526 produxit
621 1441 680 1519 ita,
705 1445 744 1506 ut
760 1462 800 1505 ex
816 1440 879 1504 hac
896 1439 1065 1505 comoedia
1083 1440 1292 1525 proverbium
1317 1444 1443 1506 natum

262 1554 450 1640 putandum
475 1555 528 1638 sit,
553 1554 586 1619 id
603 1555 691 1639 quod
715 1556 795 1619 mihi
812 1555 944 1640 quidem
965 1556 1076 1620 minus
1096 1555 1215 1640 placet,
1241 1558 1302 1620 aut
1324 1559 1442 1640 poeta

264 1692 338 1735 cum
361 1671 528 1735 hominem
552 1672 696 1736 maxime
720 1671 919 1756 hospitalem
936 1672 969 1734 in
987 1691 1109 1735 scaena
1124 1669 1227 1735 vellet
1251 1668 1441 1756 depingere,

264 1785 429 1851 einomen
453 1785 560 1852 Κύδων
587 1787 746 1872 imposuit
769 1807 810 1850 ex
832 1785 887 1852 illo
918 1786 1090 1872 proverbio
1123 1786 1276 1851 omnibus
1306 1789 1442 1851 notum.

264 1904 372 1985 Atque
397 1923 482 1986 quae
511 1903 660 1968 servavit
690 1903 883 1967 Athenaeus
914 1900 1104 1983 fragmenta
1128 1900 1181 1987 (z
1205 1902 1257 1966 12.
1283 1900 1325 1964 13
1348 1899 1442 1987 Ka),

264 2021 398 2103 sumpta
411 2038 483 2082 esse
497 2016 587 2082 dieas
601 2039 618 2082 e
632 2017 849 2103 descriptione
864 2038 964 2082 cenae
978 2016 1259 2103 opulentissimae,
1279 2014 1444 2099 qualibus

264 2131 377 2218 Cydon
401 2134 524 2198 amicos
549 2133 722 2219 exceperit.
738 2134 787 2220 165)

369 2251 422 2312 An
446 2249 589 2314 fortasse
614 2249 695 2314 civis
720 2247 887 2334 Cydoniae
911 2248 1001 2312 urbis
1026 2251 1078 2313 est
1101 2245 1343 2329 intellegendus
1365 2246 1442 2313 coll.

264 2363 376 2449 Steph.
390 2364 468 2449 Byr.
484 2387 509 2428 s.
520 2387 552 2429 v.
566 2364 709 2430 Κυδωνία
723 2386 729 2398 ·
743 2361 828 2439 πόλις
844 2362 971 2449 Κρήτης
985 2405 989 2415 ·
1005 2406 1010 2415 ·
1026 2406 1030 2414 -
1047 2406 1051 2414 -
1066 2357 1080 2429 ό
1097 2363 1223 2447 πολίτης
1235 2359 1445 2450 Κυδωνιάτης

262 2477 329 2543 καί
355 2477 489 2545 Κύδων
519 2477 573 2544 καὶ
603 2477 755 2556 Κυδωνιος
784 2478 837 2544 καὶ
867 2484 1041 2554 Κυδωναῖος
1070 2483 1149 2559 κτλ,
1181 2482 1215 2544 et
1245 2476 1443 2543 conferendi

263 2595 349 2659 tales
361 2595 461 2676 tituli,
475 2594 590 2681 quales
604 2596 892 2681 suntAntiphanis
905 2591 1251 2671 ΒυζάντιοςΖακύνὶπιος
1260 2590 1441 2674 Λευκάδιος,

233 2702 236 2709 ’
264 2709 410 2775 Alexidis
441 2707 617 2796 Ἐρετρικός
647 2709 854 2797 Καρχηδόνιος
887 2710 1000 2796 (etiam
1032 2708 1214 2792 Menandri,
1251 2708 1291 2774 cf.
1323 2707 1443 2775 Plauti

263 2825 441 2912 Poenulus)
472 2825 638 2903 Σικυώνιος
673 2827 785 2913 (etiam
815 2825 997 2909 Menandri)
1034 2821 1228 2911 Συρακόσιος,
1263 2823 1442 2890 Menandri

258 2939 618 3028 ἘρέσιοςἈνδρόγυνος
640 2940 661 3028 η’
684 2942 791 3028 Κρης
814 2943 941 3029 al.?¹⁶⁶)

528 3165 773 3251 Apollodori
804 3165 924 3235 Geloi
954 3167 1159 3252 Αἰσχρίων.

370 3337 437 3402 Soli
462 3336 583 3402 Suidae
609 3337 766 3402 debemus
790 3311 978 3423 Apollodori
1004 3335 1097 3402 Geloi
1121 3335 1256 3402 titulum
1281 3336 1441 3424 Αἰσχρίων

264 3453 371 3539 (Mein.
389 3452 420 3517 h.
440 3474 481 3518 cr.
498 3454 577 3536 4613
600 3453 661 3518 Ko.
679 3453 825 3539 111278),
851 3451 938 3537 quod
954 3473 1075 3517 nomen
1092 3452 1194 3518 etiam
1209 3451 1244 3517 in
1265 3452 1358 3519 vitae
1372 3475 1441 3519 usu

373 3700 415 3763 ¹⁶⁶)
434 3701 545 3753 Kirchn.
576 3701 680 3752 nullum
709 3699 846 3769 Cydonem
874 3702 1066 3753 Atheniensem
1096 3700 1186 3767 affert,
1215 3698 1262 3753 sed
1290 3702 1440 3755 nonnullos

265 3790 369 3846 Κυδίας
386 3788 522 3860 Κοόήνωρ
541 3789 681 3858 Κυόείόης
701 3789 835 3859 Κυόικλῆς
856 3789 1017 3859 Κιιύίμαχος
1040 3786 1167 3859 Κύόιμος
1185 3786 1332 3845 Κύδιππος
1350 3789 1440 3842 Kudl-

264 3896 375 3947 στραιος
393 3879 474 3931 1601
494 3895 532 3946 sq.
553 3879 578 3929 ll
597 3880 664 3944 4713
692 3877 725 3931 cf.
746 3877 938 3931 Fick-Bechtel
957 3895 983 3945 p.
999 3879 1050 3931 180
1063 3895 1099 3944 sq.
1119 3909 1154 3916 —
1173 3876 1268 3945 Cydon
1285 3876 1439 3946 Byzantius

264 3974 322 4020 crat
347 3984 415 4019 unus
439 3967 662 4034 eproditoribus‚
690 3969 735 4034 qui
755 3984 778 4019 a.
800 3969 852 4020 409
878 3966 1013 4020 Alcibiadi
1040 3967 1134 4019 urbem
1162 3952 1237 4018 suam
1263 3965 1440 4019 tradiderunt
1482 3974 1487 3981 ‘

265 4057 343 4125 (Xon.
363 4056 433 4108 Hell.
453 4057 504 4121 13,
519 4058 570 4123 18).

373 4144 416 4211 ¹⁶⁶)
437 4145 528 4214 Cydon
550 4147 630 4197 ctiam
650 4144 722 4214 ἥρως
740 4147 850 4214 κιίστης
870 4154 909 4197 est
931 4147 1003 4197 illius
1029 4144 1116 4212 urbis3
1142 4143 1203 4197 vide
1229 4143 1384 4196 testimonia
1407 4138 1437 4196 'iu
1480 4197 1482 4201 ,

263 4233 392 4286 Roscheri
412 4237 463 4286 lex.
483 4235 566 4302 myth.
588 4235 612 4285 ll
631 4235 706 4287 1674.
738 4234 842 4286 Nomen
862 4234 953 4285 militis
973 4235 997 4284 A
1016 4235 1037 4285 P
1055 4233 1092 4285 Vl
1111 4234 1153 4285 91.
1174 4263 1209 4270 -
1227 4229 1438 4286 neclan-unam

264 4339 278 4375 e
291 4323 390 4375 fabulis
405 4326 458 4376 suis
472 4325 607 4390 inscripsit
619 4323 779 4390 Posidippus
794 4324 853 4391 (Ko.
868 4323 983 4388 111339)
1006 4323 1074 4389 „nisi
1092 4319 1195 4374 Κύδων
1213 4319 1325 4374 fabulae
1340 4321 1438 4374 titulus

263 4411 330 4464 fuis
352 4413 446 4478 (Mein.
459 4414 485 4464 h.
500 4429 536 4465 cr.
550 4413 623 4478 483).
