3136 5024
699 240 872 292 ‚32-

200 433 300 496 quam
332 415 545 478 conmutatis
576 414 716 499 puhlicis
747 415 969 481 Athenienses
1001 417 1087 481 inter
1122 421 1157 482 et
1191 423 1376 504 tyrannum

200 527 385 592 rationibus
396 530 432 614 Ψ)
457 529 510 593 hic
533 530 575 593 ab
600 529 664 594 illis
690 531 855 596 invitatus
872 531 1013 596 Lenaeis
1037 554 1066 596 a.
1086 533 1149 596 367
1167 532 1375 615 tragoediam

200 643 233 706 in
257 665 413 709 scaenam
437 646 610 726 commisit,
636 650 737 729 atque
754 647 926 711 victoriam
952 648 981 712 ei
1003 653 1247 714 concesseruut.
1288 649 1377 732 Ergo

200 757 378 823 admodum
408 760 585 825 verisimile
615 765 696 846 puto
721 760 842 826 Eubuli
873 761 1076 828 comoediam
1107 785 1195 828 anno
1224 765 1378 851 proximo

200 876 289 961 (366)
314 874 446 940 doctam
470 897 558 940 csse:
584 874 656 940 sed
680 881 765 940 tum
789 877 1024 963 Dionysius
1049 882 1241 944 mortuus
1265 887 1375 962 erat3

199 988 341 1054 decessit
364 991 426 1055 sub
450 990 551 1055 finem
570 992 649 1055 anni
674 993 748 1056 367.
789 992 883 1072 Quod
899 999 1011 1058 utmm
1032 995 1225 1079 inopinante
1242 994 1377 1061 Eubulo

199 1104 355 1170 acciderit
378 1105 513 1171 consilio
537 1107 689 1192 Dionysii
712 1107 839 1172 ridendi
863 1112 959 1194 capto
987 1131 1031 1174 an
1062 1109 1213 1194 capiendi
1244 1111 1375 1176 consilii

199 1221 404 1286 occasionem
429 1221 561 1286 demum
586 1214 720 1304 dederit,
745 1245 811 1288 non
836 1223 942 1289 audeo
971 1223 1211 1312 discernere.⁵⁸)

527 1451 835 1538 Aristophontrs
861 1452 1039 1522 Πλάτων.

304 1604 554 1690 Aristophontis
592 1604 795 1670 comoediam
833 1605 929 1670 Plato
967 1607 1176 1672 nominatam
1205 1607 1314 1693 (Mein.
1340 1609 1374 1673 h.

198 1742 240 1785 cr.
258 1722 322 1785 287
348 1742 435 1805 sqq.;
458 1722 519 1786 Ko.
537 1722 565 1785 ll
589 1723 664 1808 279)
690 1720 732 1786 ad
756 1721 989 1807 philosophum
1004 1722 1193 1787 referebant
1217 1722 1374 1807 editores
1438 1745 1441 1751 ·

198 1837 286 1921 (quod
309 1837 433 1901 nemini
456 1838 555 1902 nimis
580 1828 738 1902 audacter
761 1837 929 1902 videbitur
952 1837 1144 1919 iudicatum,
1176 1840 1374 1924 praesertim

198 1974 273 2016 cunr
296 1954 404 2018 virum
429 1953 634 2040 praeclarum
658 1953 746 2018 illius
771 1953 894 2018 aetatis
926 1953 1040 2018 comici
1071 1954 1204 2038 saepius
1235 1953 1374 2020 lacessi-

197 2069 364 2157 verint.⁶⁹)
410 2071 447 2134 ln
472 2071 568 2134 unico
594 2069 681 2154 quod
704 2073 811 2134 restat
834 2068 969 2133 fabulae
986 2069 1265 2155 Aristophontcae
1282 2069 1373 2152 frag-

198 2191 308 2250 mento
340 2186 472 2263 (Athen.
489 2185 548 2249 Xll
566 2186 630 2248 552
644 2187 672 2271 e)
689 2190 817 2269 patrem
841 2185 1003 2249 cernimus
1028 2183 1276 2249 adrdcscentem
1292 2185 1374 2248 Phi-

197 2299 337 2386 dippidis
371 2300 512 2365 similem
547 2299 590 2364 ad
624 2298 855 2385 philosophum
891 2298 1111 2364 adducentem
1146 2304 1248 2384 atque
1282 2300 1374 2365 hunc

197 2417 459 2501 promittentem:
485 2417 516 2478 ἐν
539 2407 666 2500 ἡμέραις
688 2412 779 2500 τρισὶν
797 2413 966 2500 ἰσχνότερον
982 2409 1075 2479 αὐτὸν
1092 2412 1242 2500 ἀποφανῶ
1262 2419 1374 2480 Φιλιπ-

197 2531 297 2596 atton:
308 2531 345 2616 ⁶⁰⁴)
369 2530 423 2595 vel
438 2530 501 2595 hoc
516 2529 659 2594 frustulo
677 2530 825 2595 imitator
846 2533 1036 2595 ostentatur
1051 2530 1254 2615 Aristophon
1269 2532 1372 2616 scrip-

197 2647 278 2710 toris
301 2646 464 2727 Nuhium3
496 2649 572 2730 apte
604 2649 774 2730 comparat
802 2644 953 2710 Halmius
976 2645 996 2709 l.
1014 2644 1034 2709 l.
1052 2645 1138 2709 Nuh.
1158 2667 1189 2711 v,
1208 2647 1272 2711 501
1298 2667 1371 2730 sqq.

196 2761 233 2824 ln
246 2761 362 2826 ceteris
377 2761 622 2846 Aristophontis
639 2761 810 2826 versiculis
827 2781 993 2844 nusquam
1010 2760 1159 2826 Platonis
1175 2761 1217 2825 fit
1233 2762 1371 2843 mentio,

197 2875 254 2942 sed
282 2877 429 2961 alioquin
458 2877 727 2962 philosophorum
758 2876 907 2941 irrisione
938 2875 1031 2949 illum
1063 2874 1265 2941 delectatum
1298 2898 1371 2942 csse

196 2993 315 3058 titulus
338 2993 575 3078 nmaqoparqg
598 2991 713 3057 edocet
736 2992 811 3076 (Kc.
828 2992 857 3055 ll
881 2991 956 3078 279)
981 2995 1015 3056 ct
1038 2991 1186 3077 inprimis
1209 2991 1248 3056 fr.
1267 2993 1298 3056 9.
1318 2993 1370 3057 10.

198 3110 248 3173 12.
268 3111 318 3173 13.
336 3148 380 3154 -
404 3108 497 3187 Quod
520 3107 564 3172 ad
587 3113 718 3193 tempus
742 3108 866 3171 attinet
887 3106 1033 3188 fabulae,
1050 3106 1211 3189 Berglrius
1228 3105 1369 3193 (Griech.

196 3223 413 3289 Litt.·Gcsch.
430 3223 475 3287 IV
500 3225 574 3309 loq
598 3223 697 3309 paulo
721 3226 797 3309 post
819 3222 1004 3307 philosophi
1020 3227 1160 3287 mortem
1176 3243 1248 3286 eam
1268 3222 1369 3308 scrip-

303 3472 336 3537 51)
356 3475 388 3524 A.
407 3473 459 3525 368
473 3471 618 3538 Dionysius
632 3472 740 3535 eiusque
760 3469 807 3520 tilii
828 3470 963 3522 civitatem
977 3471 1095 3521 Atticam
1109 3478 1287 3537 acccpcrrrnt3
1306 3486 1370 3522 rere

195 3580 218 3616 a.
239 3564 290 3616 36?
310 3561 405 3615 foedus
425 3564 508 3613 ictum
528 3567 575 3612 cst.
614 3559 654 3611 Cf.
675 3558 802 3611 Schaetcr
822 3559 898 3611 Dein.
918 3556 943 3609 1²
960 3559 996 3611 90
1015 3575 1068 3625 sq.;
1089 3559 1138 3610 Ed.
1158 3559 1254 3627 Meyer
1273 3559 1369 3613 Gcsch.

195 3652 241 3704 des
261 3653 357 3703 Altert.
378 3651 401 3701 V
421 3650 472 3702 442
492 3666 545 3715 sq.;
568 3648 647 3699 Nicse
667 3648 738 3714 apud
758 3648 816 3699 PW
835 3648 859 3698 V
878 3647 930 3700 896
949 3664 1005 3713 sqq.

303 3737 336 3804 ⁵⁸)
362 3739 385 3790 E
412 3739 546 3805 praesenti
572 3745 692 3804 tempore
718 3735 776 3787 ἔστι
802 3736 889 3787 Ἑνὶϊν
913 3737 1034 3802 cognosci
1061 3737 1162 3802 ncquit,
1189 3743 1280 3788 utrum
1306 3743 1369 3788 ante

196 3831 316 3896 Dionysii
337 3835 449 3880 mortem
468 3843 501 3878 an
523 3835 582 3893 post
602 3842 661 3878 eam
679 3824 772 3877 fabula
793 3826 891 3892 scripta
912 3826 953 3890 sit,
974 3826 1004 3891 si,
1025 3824 1051 3876 id
1072 3824 1144 3890 quod
1157 3825 1300 3878 verisimile
1320 3832 1369 3889 est,

195 3921 250 3984 ipsc
277 3926 408 3986 tyrannus
434 3933 449 3967 a
475 3924 554 3983 pocta
574 3918 599 3967 in
620 3930 745 3966 scaenam
769 3922 810 3964 cst-
830 3914 1011 3979 introductum
1031 3915 1111 3966 aliter
1130 3913 1227 3965 Kaibcl
1246 3929 1290 3981 ap.
1311 3912 1367 3966 Pu*

196 4008 231 4058 l'l
251 4007 310 4060 818.

302 4095 335 4159 59)
355 4095 439 4147 Locos
459 4111 530 4145 nunc
550 4094 674 4145 collectos
694 4093 813 4143 inrcnics
836 4100 916 4158 atque
935 4099 1066 4143 tractatos
1086 4091 1120 4142 ab
1140 4091 1246 4143 llclmio
1266 4091 1368 4144 Luciun

195 4202 219 4237 u,
240 4184 351 4250 llcniqrp
371 4201 396 4251 p.
416 4184 468 4236 316
487 4200 543 4250 sqq.

302 4272 332 4334 ε0)
351 4272 479 4324 Similiter
498 4274 601 4324 iocatur
622 4271 782 4336 llcrmippus
805 4268 838 4320 t'r.
858 4270 930 4335 3:23
950 4269 1010 4332 (lio.
1031 4269 1042 4318 l
1066 4268 1129 4332 233)
1149 4293 1181 4312 =
1202 4268 1302 4322 Athen.
1317 4268 1369 4320 XII

195 4363 244 4413 fail
265 4378 280 4412 a
302 4362 324 4411 h.
