3136 5024
695 252 868 305 ..19-

197 433 367 518 irrepsisse
391 432 532 517 primum
556 450 671 515 perse
700 451 766 495 non
795 432 847 495 est
876 430 946 493 veri
977 427 1093 511 simile,
1126 427 1242 493 deinde
1273 450 1369 514 prop-

197 554 298 629 terea,
324 546 464 632 quodsi
487 547 702 629 grammatico
727 545 837 611 nescio
862 546 915 610 cui
934 543 1034 610 index
1058 543 1205 626 debetur,
1230 543 1295 608 illic
1318 538 1370 608 τὸν

198 661 375 728 Αὐτόλυκον
398 661 533 747 δεύτερον
558 661 623 747 (vel
646 661 687 747 β’)
712 663 933 746 exspectatur,
959 660 1100 745 denique
1115 659 1198 742 ideo,
1224 659 1312 744 quod
1335 660 1370 723 in

164 785 169 793 '
198 783 279 844 nota
310 773 511 843 didascalica
534 776 755 842 Adulatorum
786 777 829 841 ab
860 775 974 841 eodem
1002 776 1176 842 Athenaeo
1201 775 1242 861 (V
1258 776 1368 862 2181))

196 893 312 976 allata,
338 895 389 958 cui
413 891 520 958 eidem
543 893 578 956 in
600 892 697 958 Pacis
713 892 977 978 Aristophaneae
994 894 1197 981 Argumento
1215 896 1368 958 servatae

188 1013 349 1089 nonest,
382 1008 469 1093 quod
496 1006 598 1072 fidem
629 1009 836 1090 abrogemus,
868 1007 998 1090 titulus,
1030 1008 1087 1092 qui
1118 1008 1220 1072 etiam
1243 1006 1368 1073 Haasio

197 1124 329 1189 videtur
363 1124 537 1206 genuinus
574 1145 641 1189 non
679 1123 877 1188 deturbatus
917 1127 969 1189 est
1007 1123 1119 1208 spuria
1156 1123 1368 1209 inscriptione
1466 1118 1496 1163 '·
1556 1132 1560 1147 '

198 1237 373 1315 Αὐτόλυκος
397 1239 457 1325 (α’.)

304 1355 432 1434 Quibus
457 1355 610 1420 omnibus
628 1355 737 1419 causis
754 1354 911 1431 inductus
934 1355 1056 1419 rectius
1072 1358 1153 1440 puto
1169 1353 1369 1420 Adulatores

198 1471 331 1561 Amicos
355 1469 557 1556 Autolycum
581 1492 638 1556 pro
663 1468 812 1552 diversis,
837 1473 876 1534 ut
899 1469 1008 1534 adhuc
1030 1470 1146 1552 fiebat,
1171 1470 1286 1535 haberi
1302 1471 1368 1535 Eu-

198 1584 316 1671 polidis
339 1584 474 1667 fabuliS,
499 1607 606 1671 neque
630 1585 715 1650 falso
740 1586 826 1667 huic,
858 1585 898 1651 de
929 1608 993 1671 quo
1025 1586 1164 1668 agimus
1195 1585 1370 1651 titulorum

198 1701 308 1783 generi
331 1722 383 1765 me
408 1700 601 1766 attribuisse
624 1701 835 1787 Autolycum.

561 1926 744 1998 Platonis
760 1923 1008 2015 Ὑπέρβολος.

306 2081 429 2148 Eodem
453 2082 521 2147 fore
544 2081 751 2167 temporem
776 2103 840 2165 quo
865 2080 1046 2168 Eupolidea
1075 2082 1244 2148 comoedia
1272 2084 1368 2150 modo

198 2201 355 2280 tractata,
380 2196 478 2263 docta
501 2196 634 2262 videtur
656 2197 807 2263 Platonis
830 2196 1040 2284 Hyperbolus
1069 2196 1176 2284 (Mein.
1193 2199 1226 2263 h.
1244 2221 1285 2264 cr.
1306 2202 1368 2264 188

199 2335 286 2399 sqq.;
309 2312 403 2378 Kol
426 2313 490 2378 643
514 2313 607 2399 sqq.),
633 2313 756 2398 scripta
783 2314 818 2377 in
841 2312 1060 2396 demagogum
1083 2315 1368 2402 cognominem,²⁹)

199 2429 240 2494 ci.
263 2428 369 2494 Schol.
395 2429 494 2493 Arist.
516 2428 603 2495 Nub.
626 2429 689 2494 558
721 2427 888 2495 Πλάτων
920 2425 1006 2495 ὅλον
1037 2434 1167 2515 δρᾶμα
1200 2429 1381 2517 ἔγραψεν

197 2546 254 2620 εἰς
271 2542 529 2628 Ὑπέρβολον,
560 2544 648 2629 quod
679 2545 895 2610 confirmatur
917 2545 1122 2628 fragmentis,
1151 2549 1369 2613 11166167.

198 2661 273 2726 169.
293 2659 433 2725 176110.

557 2807 740 2879 Platonis
766 2811 1018 2896 Πείσανδρος.

305 2961 373 3026 Nec
403 2963 509 3044 magis
540 2963 734 3044 ambiguum
766 2965 827 3040 est,
858 2961 901 3027 ad
937 2984 1034 3046 quem
1069 2962 1217 3028 eiusdem
1251 2969 1371 3049 poetae

198 3076 316 3141 fabula
345 3077 529 3162 Πείσανδρος
558 3078 717 3162 iuscripta
748 3077 859 3163 (Mein.
876 3078 908 3142 h.
927 3099 969 3143 cr.
989 3080 1052 3143 176
1069 3100 1155 3164 sqq.;
1183 3079 1243 3144 Ko.
1268 3080 1370 3144 1626

197 3195 281 3279 sqq.)
306 3190 478 3257 referenda
502 3193 560 3257 sit:
593 3193 720 3278 accepit
749 3213 870 3257 nomen
901 3194 943 3259 ab
975 3193 1140 3275 oligarcho
1172 3194 1255 3259 satis
1279 3198 1368 3276 noto,

197 3306 239 3371 dc
262 3328 327 3390 quo
350 3306 427 3371 vide
451 3308 644 3373 testimonia
668 3306 757 3394 apud
779 3307 913 3373 Kirchu.
931 3331 957 3373 s.
974 3331 1006 3373 n.
1026 3310 1144 3388 11776,
1169 3312 1271 3394 atque
1296 3331 1370 3374 cum

196 3422 356 3487 aliatum
385 3423 456 3487 eius
485 3421 685 3488 edacitatem
708 3406 841 3488 ridetur
863 3425 1110 3510 perstrinxisse:
1135 3423 1231 3501 ciir.
1249 3426 1291 3489 95
1307 3425 1368 3491 Ko.

196 3543 234 3602 et
263 3538 384 3604 Athen.
409 3536 439 3602 V
461 3540 528 3603 415
551 3538 571 3602 d
597 3536 777 3624 ’Δρχιλοχος
798 3591 805 3604 .
880 3539 1017 3624 Χαριλαν
1047 3540 1090 3616 εἰς
1119 3539 1160 3605 τὰ
1189 3534 1281 3625 ὅμοια
1310 3543 1368 3624 (sc.

198 3653 402 3740 πολυφαγίαν)
427 3656 622 3739 διαβέβληκεν
653 3653 694 3731 ὡς
722 3655 750 3720 οἱ
771 3653 993 3744 κωμῳδιοποιοὶ
1014 3653 1193 3740 Κλεώνυμον
1219 3653 1273 3721 καὶ
1296 3657 1370 3721 Πεί-

198 3767 323 3854 σανδρον
347 3769 401 3852 (=
424 3768 653 3856 adespirlid
677 3770 911 3858 K0.111411).
965 3771 1008 3835 nt
1034 3770 1136 3835 alium
1161 3770 1368 3854 Pisandrum,

306 4016 339 4082 ²⁸)
359 4017 400 4071 Cf.
420 4020 504 4072 Cobet
523 4019 632 4071 Observ.
653 4021 711 4071 crit.
732 4022 759 4074 iu
777 4021 845 4073 Plat.
866 4036 930 4072 corn.
951 4037 976 4087 p.
997 4021 1056 4087 144,
1076 4022 1121 4087 qui
1140 4021 1181 4073 01.
1199 4021 1243 4087 90,
1263 4021 1277 4073 1
1298 4019 1369 4072 veli

199 4109 244 4172 (=
273 4107 429 4175 mouens)
454 4107 574 4162 fabulam
600 4108 725 4175 ascribit;
761 4109 865 4162 Gilbcrt
893 4109 973 4164 Beitr.
1002 4127 1024 4161 z.
1054 4111 1149 4161 inneru
1181 4109 1276 4161 Gesch.
1304 4109 1368 4161 Ath.

199 4212 224 4262 p.
245 4195 296 4248 ‘214
315 4211 369 4262 sq.;
397 4197 472 4249 Zolle
499 4198 539 4248 De
567 4198 771 4249 Comoediarum
798 4198 892 4251 Graec.
919 4214 987 4251 saec.
1015 4198 1038 4249 l'
1057 4213 1080 4249 a.
1108 4198 1171 4252 Chr.
1196 4215 1222 4250 n.
1247 4207 1369 4251 actarum

196 4285 363 4351 temporibus
382 4285 540 4338 definiendis
559 4286 638 4350 (Diss.
658 4287 734 4338 Halis
755 4288 876 4354 1892))1.
896 4289 939 4340 43.

306 4371 339 4440 ²⁹)
358 4373 399 4427 Cf.
420 4374 452 4426 dc
473 4391 503 4428 co
522 4374 631 4429 Kirchn.
654 4393 674 4426 s.
696 4393 720 4430 11.
741 4377 836 4430 13916.
