3136 5024
698 214 950 278 -41-’

201 423 321 468 nomen
343 401 478 466 fabulae
495 423 568 466 esse
585 401 790 487 inscriptum.
830 401 963 467 Etenim
979 405 1255 468 commemoratur
1274 403 1374 468 huius

200 517 345 582 nominis
368 518 420 582 vir
442 518 477 582 in
501 516 652 600 catalogo
677 520 804 603 septem
829 517 1031 603 sapientium
1056 539 1245 603 coquorum,
1275 539 1374 602 quem

198 633 338 719 praebet
366 631 498 718 Euphro
531 632 675 698 comicus
706 630 781 698 inl
816 631 889 717 (Κο.
906 632 950 696 III
980 633 1063 715 3173
1093 655 1126 698 v.
1148 635 1167 698 6
1190 632 1310 718 Νηρεὺς
1331 628 1373 700 δ’ὁ

107 834 109 836 ¹
200 752 276 824 Χῖος
289 746 415 832 γόγγρον
430 742 493 834 ἧψε
505 754 569 824 τοῖς
578 747 685 834 λαοῖς).
722 747 829 826 Quare
842 768 969 813 errasse
981 746 1096 814 doctos
1112 769 1239 832 nequeo
1257 747 1372 815 dicere.

200 863 326 929 Tamen
342 884 409 928 non
426 861 617 928 crediderim
631 863 728 928 Nerei
745 861 797 927 dei
813 883 989 948 personam
1002 863 1373 930 acomoediaAnaxan-
1408 919 1410 924 ,
1507 870 1509 873 ’

200 976 313 1044 dridea
325 999 458 1064 prorsus
470 978 575 1044 fuisse
584 977 743 1060 alienam3
755 978 856 1047 immo
868 978 903 1042 in
916 1000 1018 1043 unam
1026 999 1212 1065 personam,
1221 980 1256 1044 ni
1265 979 1372 1062 fallor,

200 1099 300 1182 poeta
322 1094 421 1179 quasi
451 1093 613 1159 conflavit
643 1092 742 1158 deum
774 1114 921 1179 suaeque
945 1095 1069 1160 aetatis
1093 1115 1252 1179 coquum:
1283 1095 1373 1160 hunc
1466 1116 1468 1120 ’

199 1231 266 1276 non
295 1210 406 1296 potuit
436 1208 541 1274 dicere
565 1208 677 1274 omnia
706 1208 885 1291 invenisse,
911 1230 997 1293 quae
1029 1231 1071 1275 ex
1095 1210 1179 1275 mari
1201 1213 1371 1296 petuntur,

199 1325 332 1408 cibaria,
356 1325 467 1418 potuit
489 1324 590 1389 maris
613 1322 722 1388 deum.
770 1323 915 1407 Contigit
937 1325 1038 1407 igitur
1059 1324 1299 1408 Anaxandridi,
1332 1329 1371 1390 ut

198 1463 267 1506 una
289 1440 406 1506 fabula
429 1444 464 1506 et
480 1439 614 1506 deorum
631 1438 883 1526 amplitudinem
907 1441 942 1504 in
960 1440 1144 1506 humanam
1161 1440 1372 1526 detorqueret

198 1556 432 1639 humilitatem,
446 1555 534 1640 quod
550 1555 694 1620 maxime
706 1546 990 1642 illistemporibus
1004 1556 1249 1642 spectatoribus
1261 1555 1372 1642 place·

198 1672 267 1754 eat,
292 1675 326 1738 et
349 1671 523 1757 aequalem
547 1692 645 1736 suum
677 1669 826 1736 irrideret
848 1692 916 1736 non
939 1671 1048 1754 nimie,
1079 1675 1119 1737 ut
1142 1673 1265 1758 opinor,
1298 1693 1371 1737 oru-

201 1786 326 1854 deliter.
365 1788 438 1867 Qua
461 1789 496 1852 in
518 1809 552 1852 re
576 1785 789 1851 Anaxilam
812 1786 894 1871 (eius
910 1786 1047 1852 titulum
1071 1792 1102 1854 N
1107 1786 1213 1873 ηρεύς
1233 1810 1266 1853 v.
1284 1786 1373 1873 apud

197 1902 295 1970 Mein.
312 1903 344 1969 h.
363 1925 405 1969 cr.
424 1904 504 1987 3723
527 1903 588 1968 Κο.
604 1902 634 1966 ΙΙ
657 1902 733 1988 271)
758 1924 838 1967 nuru
863 1905 1032 1968 auctorem
1048 1903 1205 1969 habuerit
1227 1903 1282 1968 vel
1298 1903 1371 1967 imi-

198 2022 352 2102 tatorem,
376 2019 511 2085 nescio·
1369 2001 1371 2006 ¹

306 2133 403 2220 Apud
419 2134 592 2200 Alexidem
608 2138 722 2200 autem
744 2135 778 2199 in
793 2132 911 2199 fabula
927 2131 1065 2219 Κράτεια
1079 2130 1101 2217 ἢ
1117 2131 1374 2219 Φαρμακοπάλης

199 2249 248 2334 (ir.
269 2252 342 2333 110,
366 2250 474 2316 Keil
499 2251 573 2339 335)
598 2249 740 2316 eundem
764 2270 906 2334 coquum
929 2248 992 2314 dici
1008 2271 1076 2315 non
1093 2248 1198 2331 credo,
1223 2271 1371 2335 praeser-

198 2365 259 2430 tim
283 2387 357 2431 cum
381 2387 469 2432 anno
494 2366 558 2432 306
583 2365 716 2432 demum
738 2366 822 2431 haec
845 2365 964 2431 fabula
986 2366 1021 2430 in
1045 2387 1203 2434 scaenam
1227 2364 1372 2430 demissa

199 2502 272 2546 esse
284 2480 440 2546 videatur
452 2480 504 2566 (ci.
514 2503 600 2567 quae
613 2481 701 2546 infra
713 2480 752 2547 de
765 2481 827 2547 hoc
839 2480 937 2547 titulo
947 2481 1211 2567 annotabimus):
1229 2501 1370 2546 comme-

197 2599 346 2662 moratur
361 2595 505 2680 „Nereus
518 2597 638 2681 aliquis
652 2600 786 2678 senex“‚
804 2595 837 2661 id
854 2600 906 2662 est
918 2598 1062 2683 piscator
1073 2597 1283 2683 vetustus.⁷⁷)
1303 2597 1371 2683 Nec

198 2713 304 2796 magis
328 2713 551 2778 necessarium
575 2713 610 2777 in
638 2712 824 2798 Euphronis
851 2734 951 2777 versu
980 2712 1028 2797 (fr.
1052 2714 1081 2795 8,
1107 2715 1137 2796 2,
1162 2712 1223 2778 Κο.
1246 2712 1368 2777 111321

196 2823 318 2893 λοπάδα
333 2828 470 2913 Νηρείων
486 2829 613 2912 τέκνων)
637 2827 731 2893 illum
754 2849 896 2912 coquum
920 2827 1122 2910 intellegere:
1146 2829 1253 2914 pisces
1277 2827 1371 2892 liberi

197 2942 304 3026 Nerei,
332 2944 434 3008 maris
458 2942 519 3025 dei,
545 2947 633 3027 quod
655 2951 829 3024 vocantur,
854 2964 921 3007 non
945 2943 1064 3008 mirum
1088 2947 1149 3009 est.

519 3163 675 3250 Epinici
706 3162 1055 3250 Μνήσιπτὸλομος.

303 3316 462 3399 Magnum
485 3317 642 3402 temporis
672 3315 887 3381 intervallum
917 3317 1142 3402 superandum
1171 3317 1223 3380 est
1247 3314 1289 3379 ab
1313 3314 1371 3379 ilia

198 3431 368 3497 comoedia
382 3430 628 3497 Anaxandridis
652 3431 906 3497 transeuntibus
930 3429 974 3495 ad
997 3431 1150 3496 ultimam
1173 3430 1273 3495 huius
1298 3430 1370 3515 qui-

198 3547 272 3610 dem
290 3547 406 3612 classis
422 3547 583 3628 fabulam,
603 3546 893 3632 Mnesiptolemum
909 3546 1036 3632 Epinici
1053 3545 1151 3631 (Mein
1179 3545 1210 3610 h.
1229 3567 1270 3610 cr.
1289 3547 1370 3626 440;

132 3706 136 3712 ·
198 3660 258 3727 Κο.
276 3662 320 3727 HI
344 3663 432 3747 330),
464 3661 504 3728 de
535 3684 601 3748 qua
625 3661 707 3728 haec
730 3661 900 3728 AthenX
922 3663 988 3725 432
1011 3661 1046 3726 b:
1071 3660 1170 3727 ἔπινον
1194 3659 1242 3749 [οἱ]
1266 3659 1369 3726 πολλοὶ

197 3775 251 3842 καὶ
267 3773 382 3864 ἄλφιτα
396 3777 610 3860 ἐπιβάλλοντες
624 3782 668 3866 τῷ
684 3776 751 3866 οἴνῳ
769 3821 773 3830 -
795 3820 800 3830 -
822 3821 827 3830 -
843 3775 1000 3853 Ἐπίνικος
1014 3781 1095 3861 γοῦν,
1117 3778 1370 3861 Μνησιπτολέμου

198 3889 365 3975 ἀνάγνωσιν
388 3895 590 3979 ποιησαμένου
613 3891 676 3959 τῶν
699 3889 834 3978 [στοριῶν
856 3894 887 3959 έν
910 3884 959 3969 αἷς
981 3893 1148 3977 ἐγέγραπτο
1165 3885 1207 3968 ὦς
1222 3894 1371 3967 Σέλευκος

303 4085 336 4151 Π)
354 4089 460 4156 πρῶτον
478 4087 535 4158 μὲν
553 4085 631 4153 (οὖν)
651 4085 760 4158 ὄστρεια
779 4087 851 4155 παρὰ
870 4091 959 4158 Νηρεῖ
976 4104 1029 4138 τινι

251 4185 253 4188 ⁴
355 4176 426 4228 ἰδών
444 4180 553 4245 γέροντι
572 4177 657 4244 φῦκος
675 4174 855 4246 ἠμφιεσμένα

353 4264 448 4334 ἔλαβον
466 4267 520 4322 κτλ,

197 4355 350 4408 Meinekius
369 4355 540 4408 scribendum
560 4356 664 4408 censuit
684 4372 751 4406 τινα.
