3136 5024
636 265 813 318 ..15-

532 447 749 536 Phrynichi
778 449 921 528 Κόυυος.

245 612 355 677 Etiam
378 611 559 697 Phrynichi
588 609 746 677 laudat-ur
768 609 883 686 Κάυυος
909 610 1018 697 (Mein.
1035 612 1066 676 h.
1086 632 1127 675 cr.
1147 611 1225 693 1543
1249 610 1310 676 Ko.

44 736 48 740 ’
139 729 153 793 Ι
178 729 240 793 371
267 728 338 815 sq),
363 727 456 792 cuius
481 725 521 792 de
545 730 740 809 argumento
764 725 812 791 nil
827 726 895 792 lere
919 725 1047 810 docent,
1072 748 1158 811 quae
1177 731 1312 791 servata

140 848 229 926 sunt,
253 842 318 908 tria
333 841 522 924 fragmenta
537 840 668 927 pusilla.
708 843 834 907 Tamen
850 843 938 906 hanc
954 821 1084 928 quoque
1100 841 1252 907 fabulam
1269 840 1312 905 ad
1359 851 1363 861 '

140 958 285 1024 Socratis
309 959 553 1043 praeceptorem
575 956 695 1022 referre
718 956 851 1022 videtur
875 950 1194 1044 consentaneum.²¹)

488 1192 704 1280 Eupolidis
732 1192 957 1272 Αὐτόλυκος.

247 1355 413 1439 Sequatur
428 1354 614 1441 Autolycus
630 1334 800 1440 Eupolidis
813 1354 929 1438 (Mein.
947 1355 979 1419 h.
998 1377 1039 1420 cr.
1059 1357 1122 1420 116
1139 1375 1226 1439 sqq,
1251 1355 1311 1421 Ko.

141 1471 155 1536 Ι
177 1473 242 1536 267
260 1470 359 1564 sqq),
376 1448 424 1535 de
448 1492 515 1556 qua
537 1471 659 1537 Athen.
676 1470 707 1534 V
723 1472 788 1535 216
804 1469 824 1534 d
847 1469 897 1535 ἐπὶ
919 1469 1027 1535 τούτου
1046 1469 1101 1555 (sc.
1115 1467 1314 1555 Ἀριστίωνος
1382 1529 1385 1535 ,

141 1581 296 1671 ἅρχουτος,
309 1607 339 1651 a.
347 1587 483 1671 421120)
496 1581 629 1662 Εὔπολις
639 1579 691 1652 τὸυ
705 1584 879 1651 Αὐτόλυκον
890 1585 1018 1670 Ιδιδάξας
1032 1581 1083 1651 διὰ
1095 1585 1313 1672 Δημοστράτου

140 1699 324 1785 χλευάζει
346 1695 416 1784 τὴν
439 1701 552 1786 υίκηυ
575 1698 642 1767 τοῦ
668 1699 896 1767 Αὐτολύκου
920 1701 940 1766 i.
963 1723 990 1767 e.
1016 1702 1087 1766 eius
1112 1701 1314 1787 quinquertii

141 1816 317 1881 victoriam
339 1816 588 1881 Panathenaeis
611 1838 641 1881 a.
665 1817 731 1892 422
763 1815 856 1900 (Xon.
881 1816 982 1881 Conv.
1007 1820 1035 1899 1,
1053 1817 1089 1899 23
1113 1816 1196 1882 Plin.
1220 1815 1258 1881 N.
1280 1815 1312 1881 h.

142 1931 195 2013 34,
222 1932 274 2019 79)
298 1934 510 2017 reportatam.
550 1930 622 1995 Hac
645 1930 685 1996 de
701 1930 819 1996 fabula
843 1932 926 1997 satis
951 1931 1069 1996 celebri
1093 1935 1194 2018 atque
1215 1953 1314 2018 saepe

140 2044 281 2111 laudata
304 2047 360 2130 (26
383 2045 572 2129 fragmenta
596 2044 685 2132 apud
700 2046 784 2132 Kc),
810 2067 910 2132 quam
934 2047 985 2112 bis
1010 2045 1160 2111 docuisse
1182 2044 1315 2110 videtur

141 2164 257 2226 auctor
273 2161 443 2247 (exstabat
454 2157 628 2238 Αὐτόλυκος
644 2158 681 2243 β’,
694 2182 725 2226 v.
739 2162 862 2226 testim.
878 2160 966 2247 apud
979 2161 1076 2226 Mein.
1094 2160 1114 2226 l.
1127 2161 1148 2225 l.
1166 2163 1227 2224 117
1242 2160 1313 2246 sq),

142 2274 247 2362 deque
260 2275 509 2343 adulescentulo
517 2276 572 2341 illo
586 2276 698 2360 nobili,
712 2275 819 2361 quode
832 2277 1026 2343 testimonia
1038 2276 1169 2360 collegit
1179 2275 1313 2341 Kirchn.

83 2480 86 2487 1
142 2413 168 2456 s,
193 2413 224 2457 n.
245 2393 347 2475 2748,
371 2392 538 2475 hocloco,
567 2393 625 2458 ubi
649 2391 835 2459 comoedias
859 2399 989 2459 veteres
1018 2413 1056 2458 eo
1080 2390 1313 2458 tantummodo

143 2506 287 2590 consilio,
312 2529 353 2572 ne
378 2508 451 2592 quis
475 2508 575 2573 huius
598 2508 727 2591 generis
751 2508 870 2575 titulus
894 2507 990 2591 desit,
1017 2506 1181 2590 addimus,
1205 2507 1314 2572 fusius

142 2621 307 2704 agendum
330 2643 399 2688 non
414 2625 512 2705 esset,
530 2622 595 2688 nisi
610 2623 719 2709 ipsum
737 2623 882 2706 titulum,
901 2628 1033 2710 propter
1049 2644 1147 2708 quem
1163 2621 1314 2687 fabulam

142 2738 409 2820 memoravimus
423 2739 571 2824 spurium
584 2760 657 2804 esse
668 2760 772 2824 nuper
780 2742 870 2804 esset
882 2739 1135 2824 pronuntiatum
1147 2736 1314 2803 abeodem

141 2852 212 2918 viro
227 2851 332 2935 docto,
350 2854 407 2938 qui
423 2854 525 2920 etiam
542 2853 581 2918 de
598 2853 807 2940 Lysistratae
822 2854 1087 2939 Aristophaneae
1102 2853 1314 2939 inscriptione

142 2967 270 3033 usitata
287 2968 455 3035 dubitavit
476 2969 518 3056 (v.
536 2990 637 3054 supra
651 2991 682 3055 p.
697 2971 716 3033 9
734 2968 808 3055 sq),
828 2968 953 3034 Haasio
969 2969 990 3035 l.
1007 2969 1028 3034 l.
1045 2969 1074 3033 Π
1093 2970 1133 3033 14
1150 2989 1220 3053 sqq.
1250 2966 1315 3033 Sed

141 3104 184 3147 ne
196 3083 249 3148 hic
262 3083 392 3168 quidem
407 3085 477 3149 eius
491 3085 678 3170 opinionem
688 3084 893 3170 probandam
906 3085 1076 3167 existimo,
1089 3084 1146 3168 qui
1157 3084 1315 3154 restituta

143 3199 331 3265 coniectura
344 3221 365 3263 a
376 3199 531 3265 Muellero
545 3199 777 3283 Strubingensi
790 3199 915 3293 dudum
927 3199 1057 3286 prolata
1070 3198 1189 3286 (Fleck.
1198 3198 1312 3264 Jahrb.

144 3315 207 3378 142
232 3312 339 3403 [1890]
363 3337 393 3400 p.
411 3316 486 3403 544)
511 3314 680 3401 Eupolidis
703 3313 850 3393 Κάλακας
873 3315 1012 3381 eandem
1035 3314 1187 3381 fabulam
1209 3314 1336 3381 fuissev

143 3429 313 3495 contendit
343 3433 444 3515 atque
474 3429 649 3496 Αὐτόλυκον
679 3429 717 3511 α’,
747 3453 854 3516 neque
893 3431 1058 3497 diversam
1089 3429 1262 3497 Αὐτόλυκον
1288 3429 1313 3512 β’

143 3544 186 3608 ab
211 3544 357 3610 eiusdem
379 3553 497 3631 poetae
521 3547 638 3628 Φίλοις,
664 3549 765 3631 atque
785 3548 989 3629 argumentis
1013 3569 1034 3612 a
1049 3546 1205 3611 Muellero
1230 3546 1313 3612 alla-

143 3659 187 3725 tis
203 3680 292 3725 nova
309 3659 428 3726 addere
452 3661 592 3728 studuit.
617 3663 709 3742 Quae
725 3663 838 3728 omnia
854 3663 1068 3748 inspiciamus
1092 3683 1226 3727 necesse
1251 3665 1311 3728 est.

249 3774 361 3840 Prima
384 3797 487 3841 causa
510 3780 612 3862 atque
628 3778 827 3864 principalis
851 3800 918 3863 qua
943 3776 986 3843 ad
1009 3778 1096 3842 hanc
1112 3778 1313 3843 sententiam

250 4023 283 4092 ²¹)
302 4026 440 4093 Amipsiac
460 4033 487 4078 et
504 4026 651 4095 Phrynichi
670 4027 792 4080 Gonnum
811 4041 892 4078 unam
912 4025 1078 4092 eandemque
1097 4025 1218 4079 fabulam
1231 4025 1313 4080 fuisse

144 4114 258 4166 coniecit
275 4114 336 4167 Joh.
356 4116 434 4168 Muhl
452 4115 508 4166 Zur
527 4114 622 4168 Gcsch.
642 4114 667 4168 d.
688 4123 735 4168 att.
755 4115 869 4169 Komod.
888 4115 992 4183 (Progr.
1012 4117 1112 4184 Augsb.
1127 4116 1206 4181 1881)
1227 4132 1252 4183 p.
1266 4107 1313 4170 89:

144 4218 213 4269 quae
231 4205 388 4256 coniectura
406 4205 482 4256 nulla
505 4220 534 4256 re
561 4203 684 4257 firmatur
707 4206 759 4258 nisi
783 4206 837 4258 alia
863 4207 1016 4259 coniectura
1035 4205 1147 4272 Bergkil
1166 4205 1313 4259 eorundem

143 4297 284 4358 poetarum
301 4292 422 4345 fabulam
446 4293 639 4346 Comissatorcs
659 4309 711 4347 nou
735 4294 869 4347 diversam
892 4293 975 4348 fuisse
998 4295 1101 4361 opinati
1124 4293 1205 4361 (apud
1228 4295 1314 4348 Fritz-

143 4379 246 4433 echium
265 4381 382 4447 Quaestt.
407 4382 545 4450 Aristoph.
572 4383 584 4434 Ι
603 4383 671 4450 3223
694 4383 727 4436 de
746 4385 805 4436 rell.
824 4400 850 4452 p.
870 4384 949 4451 369):
968 4399 1055 4449 neque
1074 4383 1217 4436 vero-haec
1230 4390 1312 4436 certa.
