3136 5024
684 209 879 298 -im-

194 444 225 509 p.
236 423 276 487 31
286 423 435 510 sqq.)‚³²⁷)
450 423 492 487 ab
501 422 683 506 Alcidama‚
697 424 851 488 isocratis
864 422 1065 507 adversario,
1078 423 1207 510 proprio
1221 424 1370 488 encomio

195 537 387 624 praedicata
403 541 455 603 est
479 537 530 623 (cf.
556 538 678 603 Athen.
702 538 723 603 l.
749 537 784 621 l.;
809 537 941 624 Sauppe
958 537 1015 602 Oh
1030 538 1058 602 ΙΙ
1080 538 1159 619 1553
1183 537 1369 603 BlassAtt.

195 652 418 736 Bereds2H2,
433 655 510 736 3463
527 653 674 719 Brzoska
686 653 775 740 apud
785 653 879 718 PWI
890 655 997 738 1536).
1022 653 1152 719 Habuit
1163 653 1266 736 igitur
1278 653 1370 735 Nais

196 770 318 834 sirecte
327 758 398 834 eius
407 789 533 833 annum
545 769 694 835 natalem
705 791 805 855 supra
813 769 995 855 posuimus,
1005 790 1035 835 a.
1045 769 1111 834 375
1124 769 1370 855 quinquaginta

195 883 263 949 fere
287 907 404 967 annos,
430 906 459 950 a.
486 884 642 978 aserere
667 885 852 968 sexaginta.
889 885 971 951 Post
993 885 1082 949 hunc
1105 906 1232 950 annum
1257 885 1372 971 opinor

196 1022 270 1066 eam
287 999 429 1092 desitam
446 1022 518 1065 esse
535 1004 574 1066 ut
589 1001 794 1066 meretricem
809 1001 844 1064 in
861 999 1031 1065 comoedia
1047 1000 1161 1064 Attica
1184 1000 1370 1065 memorari.

196 1115 261 1180 Sed
290 1137 332 1180 ne
361 1115 466 1181 multo
498 1115 630 1201 quidem
661 1120 740 1181 ante
770 1116 860 1180 hune
883 1137 1010 1181 annum
1037 1115 1189 1181 fabulam
1213 1115 1371 1201 scriptam

196 1230 386 1296 crediderim
410 1235 541 1317 propter
564 1231 652 1296 illius
676 1231 854 1314 fragmenti
877 1252 1012 1296 versum
1036 1231 1071 1296 5:
1094 1219 1241 1315 'lobaria
1263 1230 1297 1296 δὲ
1319 1228 1372 1295 καὶ

195 1349 314 1432 Νέαιρα
338 1349 537 1431 κατασέσηπε
561 1345 616 1411 καὶ
640 1346 802 1434 Qilu³²⁸lz
834 1367 932 1431 quem
963 1346 992 1411 si
1023 1367 1097 1411 cum
1127 1345 1195 1410 fine
1227 1346 1371 1428 catalogi

195 1463 404 1527 meretricum
427 1461 573 1527 filiarum
598 1483 683 1546 quae
707 1465 871 1538 vocantur
893 1462 1079 1544 Nicaretae,
1104 1483 1203 1546 quem
1234 1462 1372 1526 exhibet

198 1599 242 1643 or.
261 1599 288 1642 c.
305 1577 422 1642 Neaer.
448 1576 527 1663 §19
553 1579 595 1662 (v.
621 1599 721 1663 supra
744 1600 775 1663 p.
796 1578 880 1663 120),
906 1576 1084 1643 contuleris
1109 1575 1173 1663 (καὶ
1197 1576 1295 1642 Φίλαν
1319 1575 1373 1641 καὶ

191 1692 361 1776 Ἰσῇμιάὸα
375 1693 429 1758 καὶ
443 1695 578 1777 Νέαιραν
593 1693 745 1779 ταυτηνί),
763 1714 844 1758 sane
857 1715 924 1758 non
941 1692 1121 1775 dubitabis,
1139 1693 1219 1777 quin
1233 1691 1371 1758 eaedem

195 1807 340 1873 feminae
364 1812 504 1895 utroque
527 1808 598 1874 loeo
623 1808 846 1891 designentur.
893 1809 1023 1874 Neaera
1050 1811 1164 1873 autem
1188 1808 1317 1873 circiter
1340 1829 1371 1873 a.

196 1925 261 1990 330
285 1924 537 1990 adulescentula
561 1929 739 2008 quaestum
762 1924 871 1989 faeere
891 1925 999 2009 coepit
1023 1923 1059 2009 (c.
1077 1923 1194 1989 Neaer.
1220 1922 1313 2010 W)
1338 1931 1373 1988 et

196 2039 354 2106 decennio
377 2040 567 2125 insequenti
591 2040 629 2127 (c.
655 2063 684 2105 a.
710 2041 897 2126 380-370)
921 2040 956 2104 in
980 2061 1109 2104 summo
1133 2039 1215 2104 flore
1239 2037 1373 2104 videtur

196 2156 301 2221 fuisse
333 2157 389 2240 (ib.
415 2155 457 2243 ἕξ
482 2159 525 2220 ‘24
549 2178 637 2241 sqq.;
674 2157 754 2221 anni
784 2157 897 2242 ailla,
923 2157 1185 2240 373sa371llo
1215 2158 1379 2220 accurate

195 2273 410 2338 archontibus
442 2273 603 2358 appositis
634 2274 860 2337 memorantur
890 2270 933 2359 ἓξ
964 2273 1016 2336 33.
1050 2272 1102 2338 33.
1135 2270 1188 2357 37)
1224 2273 1260 2335 et
1294 2274 1372 2356 post

195 2409 321 2452 annum
345 2387 471 2474 atillo
493 2387 663 2473 Phrynion
687 2390 817 2479 amator
839 2388 999 2472 pristinus
1023 2408 1098 2451 eam
1118 2386 1241 2451 habere
1259 2386 1371 2471 cupie-

194 2502 269 2567 bat:
294 2524 395 2587 quare
420 2506 499 2568 ante
522 2503 611 2568 hunc
635 2525 770 2585 annum,
795 2504 860 2568 nisi
883 2503 981 2567 nimis
1005 2524 1128 2585 magna
1144 2501 1370 2587 superlatione

195 2639 277 2682 usus
300 2619 363 2684 hoc
391 2619 461 2685 loco
485 2624 585 2706 poeta
608 2620 739 2685 locutus
764 2624 825 2702 est,
851 2641 925 2685 eam
948 2620 1197 2703 κατασεσηπέναι
1219 2639 1288 2683 non
1311 2639 1370 2704 po-

194 2733 300 2799 tuisse
325 2734 388 2800 dici
413 2740 566 2817 autum03
602 2737 635 2800 in
660 2736 733 2801 vita
757 2738 829 2800 crat
852 2735 956 2800 multo
982 2735 1084 2800 etiam
1107 2737 1192 2820 post,
1218 2733 1369 2818 quando-

197 2848 329 2934 quidem
360 2872 386 2916 c.
418 2873 448 2915 a.
485 2852 550 2915 343
586 2850 719 2915 demum
754 2853 914 2915 accusata
949 2854 1009 2915 est.
1070 2849 1153 2931 Ergo
1188 2848 1370 2914 Philetaeri

195 2965 405 3031 Venatricem
436 2966 504 3032 fere
535 2967 632 3032 annis
664 2967 819 3032 370-65
851 2967 1050 3053 ascribo.⁸²⁹)
1099 2964 1149 3029 Ad
1180 2964 1269 3029 idem
1300 2963 1369 3030 fere

302 3215 347 3282 ³²⁷)
367 3215 441 3282 Quae
461 3217 615 3268 coniectura
634 3214 706 3283 apud
725 3215 824 3268 Athen.
846 3216 861 3266 l.
877 3216 893 3267 l.
914 3223 941 3267 et
960 3215 1091 3282 Harpoer.
1116 3212 1266 3281 profertur,
1284 3214 1369 3265 Arist.

194 3302 265 3356 Plut.
287 3304 337 3356 179
357 3320 405 3370 pro
434 3306 506 3359 Λαίς
531 3303 701 3356 scribendum
730 3319 786 3355 esse
814 3306 881 3358 Ναίς
910 3304 1062 3370 opinantes,
1090 3294 1211 3354 versibus
1235 3301 1289 3355 302
1312 3317 1368 3370 sqq.

195 3391 266 3444 Pluti
285 3392 373 3445 refelli
392 3393 511 3460 videtur3
538 3391 572 3445 ef.
592 3392 681 3458 Bergk
700 3393 759 3443 rell.
778 3409 804 3459 p.
825 3392 885 3444 403.
923 3391 1050 3444 Probevit
1075 3391 1256 3443 coniecturam
1283 3405 1370 3456 nuper

195 3487 221 3532 et
240 3483 328 3532 textui
353 3483 553 3549 Aristophaneo
579 3483 670 3532 intulit
689 3497 741 3532 van
768 3479 1143 3535 Lccuwened.Plut.1904
1168 3477 1214 3544 (cf.
1240 3478 1275 3531 ad
1299 3494 1368 3531 vers.

195 3577 222 3620 et
248 3571 365 3636 prolegg.
392 3588 419 3637 p.
441 3571 533 3622 XXIV
558 3573 631 3637 sqq).
674 3569 727 3621 Sed
755 3585 887 3634 nusquam
915 3567 1046 3621 traditum
1075 3576 1115 3620 est
1143 3568 1225 3620 etiam
1254 3565 1369 3619 Naidem

195 3659 317 3711 Corinthi
345 3662 427 3711 vitam
454 3659 570 3726 degisse:
600 3663 679 3711 immo
699 3674 712 3709 e
732 3659 829 3726 Lysiae
854 3658 943 3710 verbis
970 3657 1076 3710 videtur
1104 3655 1285 3722 colligendum
1311 3671 1369 3708 esse

195 3746 309 3799 Naidem
328 3747 462 3801 habitasse
482 3749 610 3814 Athenis3
630 3764 712 3814 quare
733 3746 765 3799 de
785 3749 832 3798 illa
851 3747 1001 3799 mutatione
1021 3748 1102 3798 etiam
1123 3761 1194 3797 nunc
1207 3744 1303 3796 dubito
1322 3741 1368 3810 (cf.

194 3835 264 3887 infra
284 3836 346 3888 adn.
366 3838 434 3900 3:39).

300 3932 346 3996 ³²⁸)
366 3932 406 3985 Cf.
421 3935 502 3985 Arist.
522 3934 592 3986 Plut.
608 3933 676 3986 1034
690 3949 727 3999 sq.
743 3933 796 3983 ὑπὸ
810 3933 855 3982 τοῦ
868 3932 922 4001 γὰρ
935 3929 1032 3998 ἄλγους
1044 3927 1203 4000 καιατέτηκ’
1214 3925 1236 3981 ὦ
1249 3929 1368 3996 φίλτατε,

193 4051 227 4059 -
257 4021 310 4090 oia,
341 4020 405 4074 ἀλλὰ
430 4026 700 4092 κατασέσηπας,
729 4022 769 4080 ὠς
793 4021 821 4089 γ’
846 4020 910 4091 ἐμοὶ
939 4021 1039 4078 dorsis:
1070 4023 1176 4090 σαπραί
1203 4021 1312 4071 vetulae
1342 4020 1369 4070 in

194 4111 332 4164 comoedia
351 4112 403 4163 dici
422 4112 554 4176 solebant,
574 4112 607 4163 cl.
628 4112 707 4164 Suess
731 4113 800 4164 Diss.
822 4117 856 4178 (v,
871 4111 933 4163 adn.
954 4111 1017 4175 147)
1043 4127 1068 4176 p.
1091 4110 1149 4161 126.
1171 4137 1201 4146 -
1223 4108 1369 4160 Praeterea

193 4217 253 4252 cum
273 4200 370 4253 Philet.
391 4201 422 4253 lr.
438 4202 462 4266 0,
478 4201 491 4252 1
513 4208 539 4252 et
559 4201 574 4252 ⁴2
595 4200 628 4251 cl.
642 4201 714 4254 Plut.
728 4218 750 4251 v.
766 4199 835 4253 1082
847 4216 884 4266 sq.
904 4204 937 4264 (v.
952 4214 1003 4250 vau
1017 4198 1151 4249 Lecuwen
1164 4195 1199 4248 ad
1218 4197 1290 4261 loe).

301 4297 346 4363 ³²⁹)
366 4299 525 4351 Ceterarum
544 4299 715 4349 meretricum
735 4300 844 4350 nomina
863 4296 896 4348 de
915 4304 1036 4363 tempore
1056 4295 1093 4347 nil
1112 4293 1239 4346 videntur
1258 4293 1369 4361 doecre3

193 4386 267 4439 lubet
293 4389 546 4440 commemorarem
568 4385 678 4439 dirersis
704 4387 868 4438 mulierculis
892 4387 999 4437 nomine
1027 4381 1142 4454 Κορώνη
1170 4382 1278 4450 (Philet.
1298 4404 1321 4440 r.
1342 4387 1369 4452 6)
