3136 5024
638 299 816 352 247-

140 475 263 540 Abhoc
272 476 342 540 viro
359 474 485 561 Sophili
498 475 702 540 comoediam
716 476 882 561 accepisse
894 497 1014 540 nomen
1027 474 1118 540 haud
1131 474 1312 540 absurdum
1432 524 1436 531 .

139 590 272 669 videtur
305 592 488 656 coniectare
520 591 578 674 (sic
609 591 710 656 etiam
734 591 799 656 Leo
831 591 851 655 l.
868 591 911 676 1.).
959 591 1066 671 Quam
1090 592 1312 656 coniecturam

13 754 15 758 ι
141 706 249 792 quivis
262 728 351 771 nunc
366 706 533 792 praeierat
547 706 691 771 Meinelri
708 707 900 792 opinationi,
919 708 974 791 qui
992 706 1163 792 Sophilum
1179 706 1311 771 nomine

140 820 312 886 Androclis
336 821 425 887 illius
450 821 622 905 demagogi
646 843 732 887 saec.
749 821 780 885 V
803 822 969 887 hominem
998 843 1096 906 quem
1120 843 1311 908 repraesen-

140 940 228 1002 taret
245 937 323 1003 'eius
347 936 489 1002 similem
512 958 648 1002 ornasse
672 938 915 1023 suspicabatur.

513 1174 694 1245 nrextns
723 1176 935 1262 ιρωιιιης.
1002 1131 1004 1135 ⁴

246 1345 307 1410 His
330 1345 454 1411 fabulis
478 1347 580 1411 etiam
604 1345 890 1411 annumerandam
914 1349 994 1432 puto
1011 1344 1176 1431 Dropiden
1200 1345 1311 1409 Alexi-

141 1459 191 1525 dis
210 1460 317 1546 (Mein.
334 1461 366 1526 h.
386 1484 427 1527 cr.
446 1463 525 1544 3993
542 1461 603 1526 K0.
617 1462 646 1526 II
662 1463 725 1526 317
744 1463 819 1548 sq.):
836 1483 957 1526 nomen
974 1461 1061 1525 enim
1077 1482 1144 1525 non
1156 1460 1311 1546 frequens

141 1580 214 1641 erat
230 1577 489 1642 Atheniensibus
507 1577 577 1662 (sex
594 1577 744 1663 exempla
761 1576 851 1662 apud
866 1577 999 1642 Kirohn.
1017 1578 1030 1641 l
1048 1578 1113 1643 305
1129 1577 1188 1663 sq.)
1205 1597 1312 1660 neque

141 1691 305 1756 usitatum
329 1693 470 1758 comicis.
511 1691 576 1757 Sed
600 1692 700 1757 aliam
725 1696 825 1778 atque
842 1693 988 1757 Kockius
1012 1692 1032 1757 l.
1050 1692 1070 1757 l.
1089 1693 1312 1758 coniecturam

79 1872 83 1876 .
140 1827 319 1892 proponere
343 1829 410 1873 non
433 1829 579 1894 possum,
605 1809 661 1892 qui
684 1807 778 1880 illum
801 1807 977 1893 Dropidem
1001 1808 1239 1872 Atheniensem
1263 1807 1312 1870 in-

140 1921 278 2004 tellexit,
307 1924 382 2007 „qui
398 1923 509 1988 Curtio
526 1927 660 1988 auctore
678 1925 719 2008 (3,
739 1924 789 2005 13,
809 1925 860 2010 15)
878 1945 898 1987 a
915 1923 1043 1988 civibus
1060 1945 1134 1988 curn
1149 1923 1312 2008 iphicrate

141 2041 176 2103 et
205 2037 429 2120 Aristogitone
463 2038 595 2121 legatus
631 2037 673 2103 ad
704 2038 879 2103 Persarum
910 2059 1020 2121 regem
1050 2038 1173 2103 missus
1204 2043 1238 2102 et
1268 2038 1310 2103 ab
1345 2122 1349 2131 Ι

140 2151 328 2217 Alexandro
364 2175 406 2218 m.
431 2152 637 2238 aliquamdiu
667 2154 701 2217 in
732 2152 883 2218 custodia
913 2157 1064 2218 retentus
1096 2157 1157 2218 est.
1181 2152 1310 2217 Arrian.

141 2269 172 2349 3,
186 2268 238 2349 24,
251 2270 302 2333 4.“
317 2271 353 2357 ⁹⁹)
378 2269 535 2334 Exscribo
548 2269 669 2355 partim
682 2269 785 2334 Curtii
801 2268 821 2334 l.
836 2269 873 2333 l.:
898 2270 1105 2352 Aristogiton
1118 2267 1311 2354 Dropides

140 2382 320 2469 Iphicrates
328 2386 414 2449 inter
422 2375 643 2450 Athenienses
656 2406 774 2468 genere
787 2384 944 2469 famaque
957 2384 1020 2449 lon
1028 2406 1073 2468 ge
1087 2384 1310 2450 clarissimi.
1426 2441 1427 2444 ,

497 2639 698 2709 Stratonis
727 2642 970 2726 Φοινικίδης.

231 2790 315 2874 ¹Nec
345 2809 384 2874 de
415 2809 613 2875 Phoenioide
637 2810 804 2875 Stratonis
836 2809 943 2896 (Mein.
961 2811 993 2875 h.
1013 2833 1053 2874 cr.
1075 2812 1140 2874 427
1165 2832 1213 2895 sq.
1231 2811 1312 2890 2353

141 2923 201 2989 Ko.
219 2924 261 2989 ΠΙ
290 2926 352 2989 361
383 2927 465 3011 sqq.)
497 2927 609 2991 omnia
639 2926 811 3011 explorata
842 2924 930 2990 suntss
979 2925 1073 3005 Quod
1103 2927 1190 2990 enim
1224 2924 1313 3011 apud

142 3039 279 3105 Suidam
302 3040 430 3105 mediae
454 3041 642 3106 comoediae
671 3044 864 3106 accensetur
888 3041 1011 3123 Strato,
1040 3063 1107 3106 non
1136 3041 1313 3106 videbatur

142 3176 319 3238 congruere
354 3177 429 3220 cum
465 3177 562 3221 versu
597 3157 641 3220 43
676 3155 855 3239 fragmenti
894 3157 936 3221 ab
972 3131 1147 3221 Athenaeo
1187 3157 1313 3221 servati

143 3269 198 3355 (IX
222 3272 286 3336 382
305 3272 350 3358 bl:
375 3293 477 3336 senex
501 3272 650 3356 queritur
673 3293 708 3336 se
733 3292 884 3355 coquum,
911 3293 1008 3356 quem
1033 3270 1235 3349 conduxerit,
1261 3273 1312 3336 in-

141 3384 294 3470 tellegere
318 3369 384 3452 non
408 3407 515 3473 posse,
549 3389 628 3471 quia
657 3391 814 3473 perpetuo
834 3381 1020 3472 Ὀμηρικαῖς
1050 3385 1161 3464 λέξεσιν
1186 3391 1310 3469 utatur,
1398 3460 1401 3467 ,

141 3498 254 3587 itaque
271 3523 399 3588 semper
414 3502 564 3568 Philetae
587 3502 688 3568 libros
712 3502 775 3567 sibi
799 3524 871 3568 esse
889 3502 1090 3569 evolvendos
1115 3503 1158 3587 (v.
1175 3504 1219 3566 43
1236 3500 1313 3569 ὥστε

142 3615 181 3702 pa
195 3615 198 3705 l
212 3616 273 3683 τῶν
288 3621 342 3683 τοῦ
361 3615 484 3703 Φιλητά
497 3616 694 3703 λαμβάνοντα
710 3618 830 3699 βιβλίων
849 3617 851 3705 l
871 3626 992 3684 σκοπεῖν
1008 3619 1126 3684 ἕκαστα
1141 3618 1173 3682 τί
1188 3616 1314 3684 δύναται

141 3729 203 3797 τῶν
226 3731 393 3820 βημάτων).
433 3733 514 3799 Cum
538 3735 634 3799 nobis
658 3734 819 3798 traditum
836 3738 925 3798 esset
940 3733 1107 3798 Philetam
1131 3733 1311 3816 elegiacum

141 3851 274 3933 poetam
298 3849 545 3914 celeberrimum
567 3847 708 3934 γλώσσας
730 3848 783 3914 vel
807 3846 963 3925 ἀτάκτους
978 3847 1116 3933 γλώσσας
1131 3848 1174 3914 ad
1189 3849 1311 3913 Home-

141 3983 214 4028 rum
243 3963 478 4030 illustrandum
509 3965 733 4051 composuisse
765 3964 816 4050 (oi.
835 3964 1001 4030 Susamihl
1024 3964 1075 4028 Al.
1093 3962 1310 4029 Litt-Gesch.

141 4078 156 4142 Ι
180 4079 264 4166 178),
289 4101 364 4144 eum
388 4080 423 4144 in
446 4101 545 4144 versu
569 4079 623 4145 illo
648 4079 772 4145 dictum
797 4101 869 4145 esse
893 4080 960 4144 iam
983 4079 1167 4144 Meinekius
1192 4099 1311 4162 cogno-

248 4335 280 4402 θ9)
299 4336 338 4389 Cf.
359 4336 489 4390 Schaeler
513 4337 589 4389 Dem.
609 4337 660 4388 111²
680 4339 770 4405 119,1;
794 4338 903 4391 Kirohn.
924 4338 952 4390 P.
972 4339 1004 4389 A.
1024 4354 1043 4389 s.
1059 4354 1084 4388 n.
1104 4339 1174 4391 4575
1195 4344 1221 4390 et
1240 4336 1312 4404 apud

142 4423 201 4477 PW
212 4422 237 4476 V
250 4425 320 4480 1720
333 4441 370 4493 sq.
