3136 5024
643 303 837 356 -165-

541 487 723 557 Alexidis
738 491 934 576 ’Χορηγίς

627 606 629 613 ν

244 643 393 709 Araxius
428 642 585 728 nuqua
620 642 728 728 (uera
760 643 791 709 h.
824 664 866 710 ω.
898 644 979 724 4033
1021 643 1082 708 no.
1112 643 1140 706 n
1171 643 1234 708 391
1267 645 1327 730 sq.)

158 755 217 842 *„de
242 759 385 841 choraga
408 759 645 843 interpretatur
669 757 1017 842 Schweighaeuserus:
1052 758 1196 824 fortasse
1228 761 1326 840 recte,
1357 804 1360 814 ·

154 895 359 959 quamquam
390 873 544 956 Choregis
576 873 677 938 etiam
707 863 852 938 mulieris
875 895 997 939 nomen
1026 872 1100 955 fuit,
1119 870 1171 938 'ut
1195 876 1328 938 constat
1424 864 1427 871 ¹

155 1012 196 1055 ex
219 990 341 1078 Athen.
358 989 432 1053 XIII
456 1011 486 1074 p.
504 991 567 1053 577
580 992 626 1056 c.“
661 989 759 1075 (Sunt
774 989 877 1054 verba
893 989 1047 1054 Meinekii
1063 989 1084 1055 I.
1101 989 1134 1076 I.)
1162 989 1327 1054 Athenaei

154 1105 246 1171 Iocus
271 1105 323 1168 hic
347 1110 415 1169 est:
440 1102 635 1189 Ἀριστοφῶν
659 1103 681 1170 δ’
709 1099 723 1169 ὃ
749 1104 848 1189 ῥήτωρ
872 1100 886 1169 ὃ
910 1102 963 1168 τὀν
979 1104 1068 1188 νόμον
1091 1099 1265 1189 εἰσενεγκὼν
1282 1101 1324 1169 ἐπ’

155 1218 319 1288 Εὐκλείδου
343 1216 498 1311 ἄρχοντος,
521 1215 554 1295 ὃς
577 1219 614 1285 σίν
636 1214 678 1304 μὴ
696 1219 727 1297 ἐξ
744 1217 841 1304 ἀστῆς
863 1222 989 1304 γένηται
1013 1215 1103 1285 uibar
1125 1214 1209 1298 εἶναι,
1235 1215 1329 1296 αὐτὸς

154 1335 329 1422 ἀπεδείχῧη
352 1329 407 1401 ὑπὸ
432 1333 668 1421 Καλλιάδου416)
700 1332 754 1400 τοῦ
778 1330 973 1421 κωμικοῦίκ
1003 1335 1224 1420 Χορηγίδος
1253 1339 1328 1420 τῆς

155 1453 318 1536 ἑταίροις
342 1448 642 1535 παιδοποιησάμενος,
667 1445 708 1527 ὡς
723 1449 738 1516 ὃ
756 1447 847 1527 αὐτὸς
871 1451 981 1536 ἱστορεῖ
1004 1449 1174 1536 Καρύστιος
1189 1452 1218 1514 ἐν
1234 1452 1339 1538 τρίτῳ·

148 1562 474 1653 ’Υπομνημοίτωνίᾞ
528 1567 678 1632 Amicam
724 1545 972 1652 Aristophontis
1018 1565 1107 1652 apud
1152 1564 1325 1630 Alexidem

154 1683 329 1747 memorari
359 1703 426 1747 non
458 1681 664 1765 crediderim,
698 1704 901 1768 quamquam
934 1683 1040 1746 vitam
1072 1685 1182 1746 orator
1212 1680 1328 1767 perdiu

154 1796 311 1884 produxit
335 1796 386 1884 (cf.
404 1796 561 1865 Schaeier
580 1798 672 1863 Dem.
690 1798 719 1861 12
737 1799 800 1862 133
824 1819 899 1862 cum
923 1796 998 1864 adn.
1019 1802 1051 1879 13
1075 1797 1208 1863 Kirchn.
1234 1820 1260 1862 S.
1278 1818 1326 1861 nr.

154 1915 264 2000 2193),
296 1912 360 1978 Sed
377 1935 433 1999 pro
453 1900 586 1978 nomine
603 1913 703 1978 scorti
720 1912 897 1995 Choregide
921 1913 971 1977 uti
990 1913 1138 1998 potuisse
1155 1912 1327 2006 Alexidem

154 2051 368 2115 nequaquam
392 2051 475 2112 nego
501 2029 555 2115 (cf.
579 2028 699 2094 Kaibel
723 2028 810 2114 apud
834 2028 916 2092 PW
941 2029 954 2092 I
980 2031 1074 2109 1469,
1093 2031 1157 2115 59).

545 2229 726 2299 Alexidis
756 2233 940 2317 Μεροπίς.

243 2377 280 2440 In
315 2356 451 2440 numero
483 2375 741 2440 meretriciorum
764 2374 911 2440 Alexidis
946 2375 1119 2440 titulorum
1154 2375 1326 2441 Kaibelius

155 2490 245 2576 apud
268 2491 353 2555 PW
369 2491 383 2554 I
402 2492 497 2572 1469,
516 2493 558 2555 58
581 2491 693 2576 posuit
710 2492 812 2555 etiam
828 2492 988 2576 Μεροπίδα
1011 2492 1118 2576 (Mein.
1137 2492 1168 2556 h.
1187 2513 1228 2556 cr.
1247 2493 1326 2572 3813

153 2606 214 2672 Ko.
239 2606 267 2675 II
297 2607 387 2693 atq:
427 2605 485 2670 sed
515 2628 556 2671 ne
588 2628 691 2670 unum
724 2606 856 2691 quidem
887 2608 967 2671 mihi
998 2608 1159 2672 succurrit
1189 2607 1327 2671 humani

153 2722 296 2786 nominis
320 2721 455 2807 Μεροπίς
478 2721 674 2807 exemplum.
708 2721 827 2801 Quidni
851 2721 890 2786 de
914 2722 971 2787 illa
987 2726 1075 2787 terra
1090 2723 1234 2788 fabulari
1250 2723 1328 2788 licet

154 2839 309 2919 cogitare,
326 2842 365 2902 ut
380 2837 459 2902 iecit
471 2837 628 2918 KockiuS,
647 2839 740 2902 cuius
757 2837 1010 2924 descriptionem
1022 2837 1226 2903 luculentam
1239 2860 1326 2904 nono

153 2953 235 3018 libro
260 2953 446 3018 inseruerat
469 2953 788 3040 Theopompustffl)
824 2952 918 3032 Quod
940 2952 1098 3018 festivam
1113 2953 1326 3019 *comoediam

153 3069 345 3154 praebuisse
381 3069 530 3151 arbitror,
567 3090 641 3133 cum
672 3070 865 3154 praesertim
896 3069 931 3132 in
962 3090 1084 3134 scaena
1115 3045 1240 3133 comica
1270 3071 1327 3153 qui

153 3181 290 3248 auream
306 3181 412 3248 vitam
429 3184 565 3248 volebat
589 3183 772 3270 depingere,
797 3185 827 3248 ei
848 3184 955 3249 multa
977 3184 1178 3269 exemplaria
1193 3189 1325 3270 praesto

153 3298 257 3364 fuisse
280 3320 376 3364 nemo
401 3300 538 3366 nesciat.
570 3299 687 3364 Kockii
712 3300 901 3365 coniectura
924 3301 952 3364 si
967 3321 1048 3364 vera
1072 3303 1132 3383 est,
1159 3299 1327 3365 comoedia
1422 3369 1424 3372 .

153 3413 292 3479 Platone
322 3415 400 3479 vivo
432 3416 474 3500 (v.
498 3415 537 3480 fr.
565 3417 626 3479 141
652 3415 712 3480 Kc.
745 3419 779 3479 et
802 3436 902 3501 supra
926 3414 1002 3481 adn.
1028 3416 1103 3502 236)
1135 3415 1192 3478 vix
1215 3419 1327 3501 potest

154 3530 277 3614 scripta
301 3551 383 3594 esse.

360 3679 555 3748 TimocIIs
583 3679 669 3748 sive
697 3679 897 3748 Xenarchi
931 3681 1129 3768 Πσρφύρα.

246 3823 421 3888 Comoedia
445 3824 590 3910 Hoppipu
621 3824 789 3910 appellata
818 3828 930 3889 utrum
955 3824 1108 3889 Timoclis
1139 3824 1260 3888 fuisset
1283 3847 1326 3888 an

153 3937 319 4002 Xenarchi
344 3938 563 4003 dubitabatur
587 3938 694 4025 (Mein.
720 3940 752 4006 h.
771 3961 813 4005 cr.
830 3940 911 4021 4333
936 3939 996 4006 Ko.
1014 3940 1043 4003 II
1065 3941 1141 4006 463.
1166 3941 1231 4004 499
1256 3940 1325 4024 sq).

153 4053 201 4116 De
225 4053 324 4118 titulo
348 4054 446 4120 Mein.
464 4053 484 4121 I.
501 4054 521 4118 I.
547 4054 643 4119 haec:
673 4077 713 4138 „a
736 4055 915 4120 meretricis
939 4056 1071 4120 nomiae
1092 4054 1227 4119 ductum
1252 4076 1326 4119 sus-

262 4265 307 4330 416)
327 4267 408 4318 Mein.
429 4274 456 4317 et
474 4266 522 4317 Ko.
543 4266 666 4318 Καλλίου.

262 4354 307 4419 ⁴¹⁷)
328 4355 366 4406 De
387 4356 493 4407 nomine
514 4353 547 4407 ci.
568 4354 754 4407 Fick-Bechtel
773 4372 797 4421 p.
818 4356 883 4422 ‘2913
903 4356 1013 4408 Bechtel
1032 4355 1077 4407 rr.
1098 4373 1123 4422 p.
1144 4356 1185 4409 67.

262 4441 306 4508 ⁴¹⁸)
327 4443 367 4495 Cf.
380 4444 410 4495 E.
422 4440 517 4496 Rrihdo
526 4443 576 4495 Rh.
587 4444 656 4497 Mus.
666 4444 779 4495 XLVIII
792 4445 881 4511 (1893)
892 4446 943 4497 110
951 4461 1006 4510 sqq.
1018 4467 1053 4490 z
1062 4444 1106 4497 KI.
1121 4444 1195 4496 Schr.
1208 4445 1233 4496 II
1243 4444 1259 4497 9
1270 4460 1325 4511 sqq.
