3136 5024
686 295 917 347 -113—f

198 492 319 538 nomen
356 471 502 558 positum
541 475 602 538 est.
657 472 727 552 Quo
758 493 846 538 anno
870 471 1107 558 Philadelphus
1138 494 1282 539 sororem
1306 474 1370 540 sibi

198 588 408 654 matrimonio
431 587 487 653 illo
517 587 740 654 famosissimo
772 588 926 670 iunxerit,
962 609 1030 654 non
1060 592 1206 654 const‘t:
1241 589 1369 655 facturn

198 707 340 769 estnon
362 703 468 769 multo
485 708 564 769 ante
581 726 611 769 a.
628 705 740 788 274s3.
752 704 804 791 291)
820 704 990 791 —lpsam
1005 705 1154 787 reginam
1170 706 1370 792 Aegyptiam
1402 710 1405 717 '
1483 706 1486 713 ’

176 822 179 826 ’
198 820 232 885 in
245 820 404 885 comicam
417 841 573 884 scaenam
585 818 782 905 Posidippus
794 818 1016 886 introduxerit
1023 842 1067 885 an
1075 820 1245 886 mulierem
1253 821 1369 887 fictam

198 935 304 1001 simile
328 935 575 1001 matrimonium
599 935 770 1000 ineuntem
785 935 874 1000 illius
894 936 1027 1001 nomine
1044 937 1221 1020 ornaverit,
1246 937 1368 1003 nescio

198 1051 331 1137 (Postea
349 1051 568 1116 meretricium
584 1072 706 1116 nomen
722 1054 774 1116 est
788 1052 932 1117 Arsinoa
956 1052 991 1116 in
1006 1052 1069 1116 ΑΡ
1088 1051 1119 1116 V
1139 1054 1195 1135 523
1218 1052 1264 1117 VI
1282 1053 1368 1140 174.)

287 1248 347 1312 His
378 1246 515 1334 prolatis
544 1247 611 1312 iam
639 1227 685 1311 ‘ad
714 1247 916 1312 meretricios
951 1246 1068 1312 titulos
1096 1285 1139 1294 -
1167 1247 1214 1312 sic
1244 1251 1282 1313 ut
1312 1269 1368 1313 eos

197 1364 373 1430 brevitatis
404 1385 507 1428 causa
539 1362 710 1449 appellem,
742 1362 927 1427 concedant
955 1362 1094 1428 lectores
1113 1375 1164 1441 ,4-
1187 1366 1367 1429 transeam.

168 1556 172 1558 ,
198 1479 286 1558 Quos
311 1479 470 1544 tractanti
493 1478 609 1544 eadem
634 1478 766 1543 exsistit
781 1478 943 1562 quaestio,
970 1500 1069 1564 quam
1086 1480 1242 1564 perpetuo
1260 1477 1369 1543 adhuc

198 1596 435 1681 spectavimus:
459 1595 523 1659 hae
547 1593 682 1659 fabulae
706 1594 794 1671 enim
811 1616 832 1659 a
848 1594 1084 1676 meretricibus,
1110 1615 1195 1678 quae
1212 1595 1367 1682 tempori-

197 1712 261 1776 bus
277 1714 450 1797 poetarum
466 1711 499 1775 in
515 1711 588 1775 vita
604 1714 709 1793 erant,
734 1711 900 1796 accepisse
917 1712 1059 1796 possunt
1073 1709 1207 1793 indiceS,
1228 1715 1369 1796 possunt

198 1826 427 1892 amulieribus
451 1827 522 1892 eius
546 1826 674 1909 generis
696 1825 796 1890 fictis.
832 1828 942 1909 Atque
958 1824 1047 1890 illius
1063 1828 1163 1890 notae
1181 1800 1368 1891 comoediae
1423 1809 1430 1822 ⁹

198 1945 334 2008 exstant
349 1941 528 2007 nonnullae
545 1941 633 2006 infra
648 1940 892 2022 memorandae,
918 1962 1122 2025 quamquam
1138 1941 1200 2005 hoc
1216 1940 1368 2015 animad-

198 2059 358 2123 vertimus
381 2057 680 2133 famosissimarum
703 2054 831 2142 ἑταιρῶν
847 2048 983 2121 nomina
999 2055 1191 2142 plerumque
1206 2057 1241 2120 in
1260 2055 1368 2121 titulis

197 2173 329 2238 comicis
367 2195 433 2238 non
473 2174 628 2255 inveniri,
668 2173 809 2258 Sinopae
850 2172 920 2237 dico
959 2172 1113 2258 Phrynae
1151 2171 1369 2257 Pythionicae

198 2288 427 2355 Gnathaenae.
453 2328 494 2336 -
519 2288 584 2354 Sed
607 2289 642 2353 in
666 2288 749 2354 duas
774 2287 898 2353 classes
922 2288 970 2352 eis
995 2286 1128 2370 similes,
1154 2307 1238 2379 quas
1269 2308 1370 2372 supra

195 2405 381 2490 posuimus,
406 2404 467 2469 hos
491 2404 608 2469 titulos
632 2403 776 2470 dividere
800 2403 876 2469 nolo
892 2403 956 2468 hac
972 2424 1075 2468 causa
1091 2401 1257 2485 inductus,
1282 2401 1371 2488 quod

129 2584 133 2595 ,
197 2519 435 2606 permultarum
458 2519 633 2585 mulierum
649 2520 842 2585 memoriam
858 2518 901 2584 ad
917 2540 978 2584 nos
995 2539 1063 2584 non
1077 2517 1267 2603 pervenisse
1283 2516 1370 2582 veri·
1430 2507 1432 2509 ’

197 2635 303 2700 simile
340 2639 401 2714 est,
438 2631 517 2720 quia
547 2637 663 2723 merito
695 2635 860 2722 oblivione
896 2636 1036 2700 obrutae
1067 2637 1157 2717 sunt,
1191 2636 1370 2720 postquam

198 2750 367 2816 desierunt
389 2751 522 2834 florere,
547 2752 761 2836 quamobrem
777 2751 876 2815 nimis
893 2772 991 2836 saepe
1008 2750 1107 2815 errori
1124 2750 1254 2815 obiecta
1270 2752 1369 2831 esset,

197 2867 351 2951 siquam
378 2867 646 2953 periclitaremur,
678 2865 878 2931 distributio,
924 2865 1086 2951 Deinceps
1121 2865 1222 2946 igitur
1254 2885 1370 2929 omnes

196 2982 313 3047 titulos
330 2983 395 3047 huc
409 2981 613 3048 revocandos
629 2985 803 3068 poetarum
820 2980 932 3046 ordine
949 2980 1186 3062 chronologico,
1205 2982 1369 3064 quantum

196 3098 318 3194 licebit,
344 3099 539 3186 servatc²⁹⁸)
571 3098 838 3164 enumerabimus
870 3097 918 3161 eis
950 3097 1037 3161 sicut
1068 3098 1171 3160 antea
1200 3093 1369 3160 adfinem
1426 3181 1428 3187 Ι

196 3214 359 3299 repositiS,
385 3214 544 3298 quinum
569 3235 624 3299 pro
649 3197 785 3299 propriis
810 3212 1002 3299 (hominum)
1017 3211 1224 3293 nominibus
1256 3213 1370 3274 essent

196 3329 351 3412 habendi,
376 3329 472 3393 nobis
496 3328 673 3394 videbatur
697 3327 843 3394 dubium.

303 3444 430 3509 Mediae
455 3444 643 3510 comoediae
674 3445 847 3530 scriptores
877 3440 1141 3528 haudquaquam
1171 3442 1267 3527 primi
1296 3442 1370 3506 vita

196 3561 381 3624 meretricia
405 3561 439 3623 in
463 3581 584 3625 scaena
612 3558 742 3645 depicta
773 3559 931 3624 comicum
961 3557 1076 3643 poesin
1106 3556 1368 3643 locupletarunt3

197 3675 310 3758 gloria,
335 3676 363 3739 si
380 3676 462 3740 haec
485 3675 588 3758 gloria
612 3679 664 3741 est
687 3673 893 3761 appellanda,
926 3672 1065 3738 debetur
1094 3673 1292 3754 Pherecrati,
1325 3671 1364 3735 de

304 3906 348 3971 ²⁹⁷)
367 3909 504 3959 Autumno
518 3908 559 3958 vel
572 3912 673 3959 aestate
687 3922 710 3959 a.
722 3906 773 3961 274
787 3905 933 3958 secundum
948 3904 1068 3957 Ulricum
1085 3903 1204 3956 Koclrlcr
1221 3903 1283 3954 Sitz.
1296 3902 1368 3953 -bcr,

196 3997 221 4048 (1,
235 3995 307 4048 Berl.
328 3995 415 4048 Akad.
438 3997 514 4061 1895,
535 3995 633 4061 [1911.
672 3995 711 4047 Cf.
732 3995 857 4047 Wilcken
878 4011 920 4059 ap.
941 3992 1154 4058 PW1112833
1180 3991 1259 4042 Niese
1280 3990 1305 4040 ll
1326 3990 1367 4041 99.

195 4116 232 4121 —
251 4085 409 4151 Coniugium
429 4092 618 4137 commemorat
637 4085 700 4136 satis
720 4082 865 4137 honorifico
885 4091 966 4148 atque
985 4082 1089 4134 urbane
1113 4079 1205 4132 Alexis
1231 4081 1258 4130 in
1278 4079 1369 4145 Hypo-

196 4173 328 4225 bolimaeo
347 4173 447 4225 faiel
474 4173 534 4239 (lio.
550 4173 660 4238 11386),
685 4173 732 4239 qui
756 4178 835 4238 poeta
861 4172 924 4238 quin
952 4170 1023 4222 idem
1049 4168 1132 4222 fuerit
1157 4176 1238 4233 atquc
1264 4165 1368 4218 mediae

196 4264 319 4330 scriptor,
339 4262 415 4314 valde
435 4262 541 4314 dubitat
560 4262 731 4313 Hermannus
745 4261 879 4329 Schoene,
900 4262 980 4312 aliter
992 4259 1088 4311 Kaibel
1102 4256 1173 4324 apud
1187 4256 1252 4307 PW
1265 4256 1276 4306 l
1290 4256 1368 4309 1468.

305 4350 349 4416 ²⁹⁸)
371 4353 414 4404 Ab
441 4367 472 4403 co
497 4357 555 4403 tum
584 4349 765 4415 deflectemus,
788 4347 856 4402 'curn
884 4349 997 4403 duorum
1025 4355 1167 4415 poetarum
1198 4345 1369 4411 cognomines

196 4439 306 4492 fabulae
326 4441 402 4493 nobis
422 4447 576 4492 occurrent:
596 4441 646 4491 hac
665 4436 719 4490 unc
739 4439 797 4491 loco
816 4439 1011 4491 tractabuntur.

1261 4542 1278 4594 8
