3136 5024
700 226 874 278 ..35ss

199 385 332 480 civium,
345 403 499 468 etotarei
507 378 660 488 publicae
668 401 775 485 ruina,
784 407 996 488 nequaquam
1004 406 1121 466 natam
1130 422 1170 466 ex
1178 382 1372 466 iniuriarum

199 518 319 601 dolore,
345 500 429 602 quas
452 518 488 582 in
511 518 584 582 vita
600 518 733 604 privata
749 517 941 603 accepisset.
972 516 1087 601 Neque
1104 516 1200 582 aliter
1216 501 1372 602 antiquos

198 633 340 700 comicos
365 632 554 719 depinxisse
577 633 758 698 Timonem.
795 632 860 698 Sed
884 631 971 718 quod
995 629 1074 697 ante
1098 632 1284 701 Lucianum
1305 617 1373 697 iam

197 750 365 816 Antonius
389 749 542 814 triumvir
567 749 737 815 Timonem
761 770 818 835 pro
842 749 975 815 homine
999 748 1183 830 habuisset,
1208 749 1264 834 qui
1288 748 1372 813 ami-

197 885 320 948 corum,
352 885 435 950 quos
465 864 638 930 beneficiis
663 864 859 947 cumularat,
883 849 1047 947 ingratos
1063 865 1192 929 animos
1216 866 1372 950 expertus
1428 892 1434 903 ¹

197 980 234 1045 in
250 979 464 1045 solitudinem
481 1001 516 1046 se
528 980 708 1066 recepisset
736 980 835 1065 (Plut.
859 982 938 1046 Ant.
964 1001 990 1044 e.
1017 982 1058 1044 69
1083 983 1165 1044 extr.
1184 981 1247 1067 70),
1272 978 1373 1045 idad

197 1078 504 1202 commutationem,
531 1117 598 1180 qua
622 1076 1007 1181 Antiphanesfabulam
1031 1095 1177 1160 Timonis
1201 1100 1371 1175 notasset

99 1301 102 1307 .
197 1191 428 1314 revocandum
453 1232 536 1276 esse.
576 1211 674 1276 Hunc
702 1212 790 1276 enim
819 1211 997 1276 eTimone
1022 1210 1219 1276 Atheniensi
1249 1210 1373 1276 saeculi
1424 1248 1442 1275 μ

198 1327 307 1412 quinti
341 1330 460 1412 typum
492 1307 590 1410 quem
622 1347 783 1392 vocamus
815 1327 1041 1413 misanthropi
1065 1326 1183 1392 iecisse
1218 1326 1373 1391 omnibus

198 1442 351 1524 vinculis,
377 1442 498 1527 quibus
522 1442 576 1507 ille
601 1464 676 1507 eum
700 1464 763 1508 sua
779 1446 892 1508 aetate
908 1463 1036 1527 suaque
1052 1447 1111 1528 pat
1112 1443 1161 1506 ria
1177 1442 1372 1507 coniunctus
1464 1462 1466 1466 ·

198 1561 280 1640 erat,
305 1558 433 1624 solutis
470 1557 535 1623 Sed
565 1579 606 1623 ne
630 1557 814 1624 Lucianum
838 1557 970 1644 quidem
1001 1580 1022 1623 a
1045 1558 1141 1623 novis
1171 1558 1270 1624 rebus
1295 1559 1373 1622 abs-

198 1673 355 1755 tinuisse3
383 1669 463 1739 nam
493 1695 569 1739 eum
598 1673 705 1739 solum
729 1674 887 1739 thesauro
918 1677 1048 1760 reperto
1065 1656 1195 1740 ¹subita
1218 1673 1372 1738 fortunae

197 1788 271 1854 vice
294 1776 466 1854 Timonem
490 1788 642 1871 donasse,
668 1811 709 1854 ne
733 1791 804 1855 eius
828 1790 906 1854 falsi
923 1790 1029 1871 amici,
1055 1790 1252 1874 quibuscum
1272 1792 1373 1854 antea

199 1904 331 1970 luxuria
343 1926 411 1969 rem
424 1884 622 1970 familiarem
636 1905 995 1991 dissipassetqpcenam
1008 1905 1160 1970 meritam
1174 1905 1372 1986 effugerent:

202 2020 237 2083 in
267 2041 305 2085 eo
336 2021 424 2084 enim
456 2021 607 2106 posuisse
640 2019 805 2107 cardinem
836 2019 951 2086 festivi
983 2018 1113 2102 dialogi,
1139 2024 1177 2084 ut
1207 2020 1372 2104 parasitos

201 2122 349 2201 oratores
372 2135 585 2222 philosophos
610 2125 850 2201 consuetudine
875 2158 937 2200 sua
960 2134 1158 2223 luderet.‘²¹⁹)

306 2237 428 2316 Contra
451 2245 630 2316 Hirzelium
654 2252 682 2317 si
706 2252 863 2337 sequeris,
887 2252 921 2316 in
944 2230 1058 2317 vetere
1076 2250 1245 2316 comoedia
1261 2272 1372 2316 exem-

198 2365 271 2452 plar
293 2345 452 2431 Lucianei
476 2365 598 2449 dialogi
622 2388 779 2451 quaerere
804 2366 954 2450 debebis3
985 2366 1047 2433 hoc
1077 2366 1269 2432 discendum
1300 2387 1372 2432 esse

200 2462 357 2547 escaena
379 2482 445 2547 illa'
459 2481 599 2547 ridicula
622 2483 656 2547 in
680 2482 748 2548 fine
768 2484 887 2569 posita,
912 2483 947 2548 in
964 2504 1031 2569 qua
1047 2472 1240 2548 verberibus
1256 2458 1372 2577 Timon

199 2595 390 2663 adulatores
414 2578 581 2680 exturbat,
607 2601 624 2662 e
641 2598 691 2663 dis
704 2610 706 2613 ’
712 2600 896 2685 promiscue
914 2621 988 2664 eum
1012 2598 1201 2664 hominibus
1217 2597 1371 2681 inductis

200 2692 429 2778 enominibus'
442 2707 518 2796 illis,
544 2718 630 2797 quae
649 2714 702 2778 hic
718 2713 784 2779 illic
800 2719 1097 2780 commemorentur
1120 2714 1225 2799 (velut
1240 2714 1372 2780 Periclis
1393 2773 1398 2779 .

200 2830 420 2910 Anaxagorae
437 2827 474 2929 [c.
494 2827 556 2917 10]
569 2828 744 2928 Hipponici
761 2830 884 2894 Calliae
904 2828 941 2918 [c.
959 2828 1022 2917 24],
1048 2829 1228 2927 Hyperbcli
1244 2829 1372 2894 Cleonis

200 2940 238 3030 [c.
257 2926 331 3031 301).
379 2942 443 3045 Sed
475 2948 603 3009 certam
634 2943 818 3044 quandam
835 2944 986 3010 fabulam
1016 2944 1071 3009 vel
1100 2949 1243 3044 poetam
1280 2946 1374 3010 velut

200 3057 419 3142 Platonems
409 3038 444 3123 m
468 3038 606 3142 singulis
623 3059 808 3125 Luciannm
826 3064 977 3125 secutum
994 3081 1076 3141 esse
1102 3081 1169 3144 qua
1185 3058 1238 3124 hic
1253 3059 1374 3125 fuisset

200 3175 330 3260 propria
376 3179 447 3239 arte
485 3176 679 3275 proprioque
721 3175 841 3241 iudicio
880 3176 1026 3262 scriptor,
1073 3197 1141 3241 non
1179 3197 1282 3240 ausus
1322 3180 1374 3240 est

199 3271 436 3354 Hirneliusff
387 3289 422 3354 af
422 3290 565 3355 firmare.
578 3290 629 3377 ²²⁰)

306 3385 450 3470 Maxime
467 3405 621 3471 aectoris
639 3405 794 3472 dissentit
810 3406 992 3471 Triderieus
1016 3406 1098 3471 Leo:
1123 3407 1268 3492 praecise
1285 3385 1372 3470 enim

200 3500 510 3602 negat'Lucianum
527 3542 548 3586 a
564 3521 734 3586 comoedia
756 3521 897 3608 pendere
923 3522 1064 3607 („niehts
1089 3543 1154 3587 von
1171 3520 1369 3587 Komoedie“

200 3657 231 3721 p.
251 3635 338 3723 nq:
377 3634 448 3722 „die
479 3636 675 3722 Bicgraphie
708 3635 850 3725 [qualem
880 3637 1051 3702 Neanthes
1082 3637 1262 3726 pepererat]
1294 3637 1374 3720 liegt

395 3807 398 3814 ,
418 3806 420 3810 .

201 3817 413 3826 ————

308 3917 353 3986 ²¹³)
373 3914 488 3974 Oblocut
478 3928 520 3972 tus
540 3927 581 3974 est
570 3921 787 3994 tPiccolominio
806 3921 917 3973 chkl
932 3923 948 3973 Ι
969 3938 993 3988 p.
1008 3922 1043 3974 49
1057 3938 1093 3988 eq.

307 4006 353 4072 ²²⁰)
373 4009 485 4062 Secutus
505 4017 544 4062 est
564 4010 712 4061 Hirzelium
733 4011 886 4075 nuperrime
905 4009 953 4061 Ph.
968 4010 999 4062 E.
1020 4009 1145 4076 Legrand
1164 4011 1216 4062 Sur
1235 4011 1259 4061 le
1276 4009 1371 4063 Timon

200 4096 234 4149 dc
252 4097 353 4151 Lucien
372 4099 473 4164 (Revue
487 4096 533 4151 des
547 4101 573 4151 et
576 4099 640 4150 udos
660 4101 805 4151 anciennes
818 4099 857 4151 IX
872 4099 921 4151 13⁶2
936 4115 1040 4165 sqq:
1053 4100 1172 4151 Annales
1186 4099 1218 4150 de
1233 4100 1259 4150 la
1272 4098 1372 4151 facultf

199 4185 248 4238 des
266 4187 372 4239 Lettres
391 4187 424 4239 de
445 4188 587 4240 Bordeaux
608 4187 645 4238 IV
665 4187 753 4252 serie),
773 4188 848 4239 cuius
868 4187 1052 4255 disputatione
1072 4188 1136 4239 mihi
1157 4189 1206 4254 ipsi
1227 4204 1278 4239 nun
1298 4189 1373 4239 licuit

201 4276 253 4344 uti3
277 4291 408 4329 summam
427 4277 484 4328 eius
504 4276 600 4328 Petrus
620 4276 836 4329 Vonderllluehll
851 4277 1035 4343 Gottingensis
1048 4276 1163 4343 benigne
1183 4293 1287 4329 mecum
1306 4293 1373 4329 conr-

200 4365 352 4418 manicavit.
