3136 5024
701 317 878 368 -31-
950 278 952 283 ’

201 493 486 590 Fritzschium
503 494 547 578 (in
565 493 710 576 Prolegg.
730 493 807 559 edit.
825 492 902 580 Luc.
920 494 985 560 vol.
1003 494 1056 576 HI,
1075 496 1091 557 1
1119 492 1227 583 [1814]
1251 516 1282 580 p.
1300 494 1378 559 XIX

160 671 163 675 .
201 608 297 696 sqq.),
335 608 371 673 E.
408 608 760 674 Piccolominium
800 609 904 696 (Sulla
937 608 1098 693 leggenda
1129 609 1162 674 di
1185 611 1323 676 'limone
1353 609 1378 675 il

200 725 414 810 misantropo,
447 723 543 789 Studi
575 724 607 788 di
630 725 710 790 filol.
737 724 842 790 Greca
866 725 938 791 Vol.
963 725 977 789 I
1001 724 1109 814 [1882]
1133 748 1164 812 p.
1189 726 1254 790 247
1280 726 1377 813 sqq.),

200 839 470 925 Rudolphum
501 839 646 935 Hirzel
672 832 757 927 (Der
786 840 904 923 Dialog
927 841 959 905 II
990 839 1098 930 [1895]
1128 864 1159 927 p.
1192 843 1257 906 298
1282 841 1376 928 sqq.),

200 955 466 1021 Fridericum
489 955 571 1021 Leo
604 955 845 1042 (liticen-rom.
871 957 977 1039 Bicgr.
1004 955 1111 1046 [1901]
1134 959 1257 1043 3.,,114
1281 959 1376 1044 sqq.),

200 1069 467 1157 Rudolphum
490 1071 605 1135 Helm
632 1072 768 1156 (Lucian
793 1094 825 1137 u.
850 1072 982 1158 Menipp
1007 1070 1115 1161 [1906]
1139 1094 1170 1158 p.
1190 1072 1254 1138 185
1275 1074 1376 1158 333),

200 1186 469 1252 Franciscom
492 1182 685 1252 Ber'tram
717 1187 791 1274 (Die
815 1187 1081 1271 Timonlegende,
1111 1188 1198 1254 Diss.
1222 1187 1375 1268 Heidelb.

202 1303 309 1389 1906.)
340 1303 545 1368 Testimonia
570 1302 609 1367 de
633 1303 859 1389 misanthropc
877 1308 1036 1386 congesta
1051 1303 1270 1369 inveniuntur
1286 1303 1377 1389 apud

199 1417 333 1483 Kirchn.
351 1441 376 1483 3.
393 1440 441 1485 nr.
465 1418 583 1483 13845.
613 1419 707 1483 Duae
730 1406 782 1484 133
806 1419 903 1484 nobis
927 1423 1008 1484 sunt
1023 1420 1051 1484 si
1066 1440 1134 1484 non
1150 1418 1376 1503 extricandae,

128 1610 130 1615 .
148 1616 151 1620 ,
173 1582 175 1586 Α
200 1537 350 1616 attamen
367 1533 565 1599 tentandae:
584 1535 753 1620 quaeritur
769 1535 867 1616 enim,
886 1537 920 1599 et
935 1535 1167 1620 Antiphaneae
1185 1534 1376 1600 comoediae

199 1671 279 1729 num
302 1648 382 1733 quid
404 1648 505 1714 fuerit
536 1671 610 1714 cum
640 1650 878 1736 misanthropo,
904 1654 939 1715 et
968 1648 1097 1732 dialogo
1121 1649 1262 1715 Luciani
1293 1672 1374 1716 num

199 1763 278 1847 quid
314 1786 388 1829 cum
422 1765 624 1850 Antiphanis
659 1765 785 1830 fabula.
838 1765 903 1830 Sed
937 1766 1145 1851 priusquam,
1182 1787 1268 1851 quae
1304 1766 1376 1852 ipse
1508 1755 1511 1760 ’

198 1880 423 1976 prof'teamur,
454 1880 659 1966 proferimus
684 1881 829 1946 virorum
861 1879 1031 1946 doctorum
1060 1881 1247 1946 sententias
1277 1903 1376 1967 prae-

198 1996 329 2061 mittere
354 1995 457 2061 decet.

287 2114 396 2197 Atque
420 2112 621 2177 Fritzschius
646 2133 721 2176 cnm
751 2111 914 2177 Meinekio
939 2111 1055 2177 drama
1077 2112 1329 2198 Antiphaneum
1352 2133 1376 2177 a

198 2228 335 2292 Timone
351 2227 523 2292 hominum
541 2249 634 2293 osore
654 2248 775 2292 nomen
793 2228 958 2313 accepisse
974 2231 1074 2319 putat
1091 2227 1152 2312 (1.1.
1168 2250 1199 2314 p.
1210 2227 1373 2314 XXXIV),

201 2364 321 2428 ,quam
360 2343 511 2408 fabulam
552 2343 692 2409 conlatis
732 2343 840 2408 titulis
875 2342 1091 2408 Mnesimachi
1126 2346 1161 2408 et
1198 2343 1375 2409 Menandri

199 2454 366 2540 ,Δύσκολος
399 2438 458 2540 ego
494 2458 629 2543 conjicio
665 2480 732 2523 non
766 2459 887 2543 injuria
921 2458 1017 2523 aliter
1051 2458 1186 2523 inscribi
1220 2459 1374 2544 potuisse

199 2571 359 2656 ,Δύσκολος
380 2571 496 2658 γαμῶνι
521 2595 624 2659 quum
647 2574 790 2659 nuptiali
814 2595 937 2639 coenae
961 2574 1015 2638 hic
1038 2595 1155 2638 versus
1178 2574 1373 2640 testimonio

198 2689 242 2753 sit
265 2710 317 2774 ap.
342 2689 463 2754 Athon.
488 2688 547 2752 Vll
570 2711 601 2775 p.
627 2690 701 2771 309,
727 2688 761 2753 d:
782 2687 976 2775 Ἀντιφάνης
998 2687 1019 2753 δ’
1040 2691 1070 2754 ἐν
1094 2689 1211 2774 Τίμωνι
1233 2729 1278 2736 -
1296 2688 1373 2774 ,ἥκω

197 2802 365 2880 πολυτελῶς
388 2801 542 2889 ἀγοράσας
566 2805 608 2880 εἰς
631 2803 702 2881 τοὺς
721 2807 858 2888 γάμους,
883 2805 933 2870 113
955 2805 1087 2890 juvenis
1111 2805 1216 2890 prisco
1241 2805 1371 2887 Timoni

197 2918 353 2983 simillimi
377 2920 530 2984 tristities
554 2919 688 2984 videtur
712 2918 821 2984 derisa
844 2919 978 2985 fuisse.“
1012 2918 1103 2984 Idem
1120 2920 1162 2985 ab
1177 2920 1373 3006 Antiphane

196 3034 337 3120 pendere
358 3034 542 3100 Lucianum
563 3039 674 3117 negat,
696 3036 815 3121 quippe
837 3036 894 3120 qui
914 3036 1069 3117 exiguam
1089 3035 1218 3100 mediae
1241 3056 1372 3102 comoe-

197 3149 270 3214 diae
295 3151 514 3232 cognitionem
533 3172 611 3236 prae
628 3173 663 3216 33
680 3150 781 3215 13131;
807 3150 908 3216 semel
923 3132 1096 3216 Alexidem
1113 3151 1156 3216 ab
1173 3172 1211 3217 33
1228 3150 1370 3232 laudari,

196 3287 379 3351 numquam
402 3266 633 3351 Antiphanem
652 3265 705 3331 vel
730 3265 968 3353 Eubulum.²¹⁸)

285 3381 537 3447 Piccolominius
569 3386 684 3447 autem
714 3382 778 3446 sibi
809 3383 990 3469 persuasit,
1028 3403 1128 3466 quam
1159 3382 1372 3468 Antiphanes

195 3496 404 3581 praebuisset
426 3497 573 3562 Timonis
606 3496 858 3582 descriptionem
881 3538 923 3543 —
948 3519 1027 3562 nam
1058 3496 1101 3562 ad
1132 3518 1209 3562 eum
1239 3518 1371 3563 comoe-

197 3610 284 3675 diam
308 3613 426 3677 referre
451 3634 517 3678 non
542 3611 711 3677 dubitavit
725 3653 769 3658 —
785 3618 823 3677 ut
846 3617 992 3698 tempore
1015 3613 1065 3677 ita
1080 3613 1209 3677 ratione
1224 3611 1371 3678 mediam

196 3727 364 3811 quandam
380 3728 484 3794 131333
505 3730 664 3814 antiquae
681 3727 869 3793 comoediae
885 3729 972 3794 inter
988 3733 1026 3793 et
1037 3727 1185 3794 Luciani.
1219 3727 1293 3794 Odii
1308 3728 1371 3794 ho-

195 3844 331 3927 minum,
364 3866 428 3930 quo
457 3845 575 3909 Timon
606 3844 753 3922 arsisset,
786 3865 922 3908 causam
952 3865 969 3908 e
998 3844 1131 3908 miseria
1153 3843 1369 3930 repetendam

196 3981 267 4024 3333
292 3961 382 4025 urbis
406 3961 614 4025 Athenarum
639 3962 751 4024 aetate
775 3958 853 4024 belli
870 3959 1150 4045 Peloponnesiaci,
1176 3980 1193 4024 3
1217 3959 1372 4045 nequitia

196 4168 340 4176 -ᾓ--ω
348 4171 405 4176 ..-

302 4270 345 4340 ²¹⁸)
365 4272 405 4325 Cf.
428 4273 542 4325 Sclrulze
569 4274 642 4337 01133
669 4273 739 4324 13113
766 4271 917 4324 intercedat
944 4274 1013 4323 inter
1039 4271 1189 4322 Lucianum
1209 4278 1236 4322 et
1254 4271 1371 4324 comicos

195 4361 358 4413 Graecorum
386 4370 478 4430 poetas
504 4362 581 4426 (Diss.
609 4362 697 4414 Berol.
724 4361 804 4422 1883)
834 4378 859 4428 p.
881 4362 904 4413 6.
934 4391 968 4398 -
997 4361 1085 4411 Aliter
1112 4358 1188 4415 Kock
1215 4358 1267 4412 Rh.
1295 4359 1368 4412 Mus.

195 4449 282 4501 11111
302 4451 395 4517 (rese)
414 4452 456 4502 13.
