3136 5024
693 260 870 313 „76-

196 459 269 516 usn,
295 435 381 521 quod
406 436 518 517 sciam,
543 458 609 500 non
634 435 819 501 adhibitum
846 438 879 500 in
903 436 1074 521 proverbio
1105 435 1210 509 fuisse
1237 435 1369 501 videtur
1458 440 1463 450 “

106 623 108 628 ,
195 551 238 615 ad
255 551 404 637 stupidos
422 552 601 636 fatuosque
618 552 767 616 homiues
786 551 1017 634 designandos,
1043 550 1131 636 quod
1147 551 1244 617 docet
1267 552 1367 617 schol.
1438 537 1440 542 ’

195 668 296 732 Arist.
325 667 409 732 Rau.
442 669 507 732 990
540 667 668 752 Δίδυμος
695 662 744 733 ὅτι
774 667 996 752 Μαμμάκνῖιος
1026 665 1080 732 καὶ
1111 667 1289 752 matertere
1322 664 1370 733 ἐπὶ

384 784 420 806 ΙΝ

196 782 297 871 μωρίρι
313 787 513 866 διοβεβίηντο,
536 780 681 867 κοιὶιοίπορ
698 782 752 847 καί
769 781 787 847 0‘
809 783 1035 848 Βόνταλίων
1055 776 1133 848 κοιίὸ
1147 781 1307 868 Κόροιβοςῑ
1319 784 1368 870 197)

199 893 382 981 ,κεχηνότες
406 897 626 982 Μαμμοίκνῖιοι
649 899 827 966 Meleteas
855 899 959 963 habes
977 899 1075 964 Arist.
1093 899 1177 964 Rau.
1196 899 1216 964 l.
1234 899 1272 980 l.;
1298 903 1370 964 tota

194 1014 312 1079 fabula
336 1015 495 1079 exstabat
518 1012 802 1099 Μαμμάκνῖιος
825 1015 992 1100 iuscripta,
1025 1015 1119 1080 cuius
1147 1014 1187 1079 de
1212 1015 1369 1100 scriptore

196 1130 387 1210 (Platone
411 1134 472 1194 aut
495 1129 716 1212 Metagene
741 1134 801 1194 aut
824 1131 1088 1215 Aristagora)
1117 1135 1248 1195 veteres
1273 1129 1369 1215 dubi-

195 1246 317 1310 tabant
340 1245 392 1330 (el.
410 1245 506 1310 Mein.
524 1245 556 1310 h.
575 1267 616 1311 cr.
635 1247 699 1310 218
716 1267 802 1330 sqq.;
826 1245 1008 1310 Κο.1622.
1038 1247 1101 1311 704
1117 1266 1188 1330 sqq.
1216 1246 1368 1330 tio-sap

195 1360 375 1426 Melitidem
399 1362 432 1424 iu
456 1362 628 1446 proverbio
653 1349 788 1426 exhibet
811 1362 959 1447 Apostol.
978 1363 1062 1443 set
1083 1391 1127 1418 --
1148 1360 1261 1446 adesp.
1287 1382 1367 1426 com.

195 1477 233 1542 ir.
264 1479 327 1542 657
359 1477 435 1561 (K0.
463 1477 505 1540 lll
532 1478 617 1559 525).
665 1478 756 1556 Quae
789 1499 862 1542 cum
887 1477 942 1542 iia
972 1479 1050 1558 siut,
1082 1499 1123 1542 ne
1154 1476 1194 1541 de
1225 1477 1368 1542 nominis

195 1593 368 1662 Βονταλίων
392 1591 525 1676 quidem
541 1593 574 1656 vi
592 1596 653 1669 est,
679 1592 767 1678 quod
784 1592 989 1675 dubitemus3
1015 1591 1142 1658 accedit
1160 1593 1370 1668 Βουκολίωνος

195 1708 428 1793 Antiphaneae
446 1729 520 1772 cum
544 1706 690 1773 eiusdem
707 1714 825 1794 poetae
846 1706 1001 1797 Ἀγροίκῳ
1021 1708 1186 1792 quaedam
1204 1708 1368 1791 cognatm,

195 1845 296 1908 quam
321 1827 466 1888 testatur
489 1824 609 1889 Athen.
634 1824 708 1888 VIII
732 1827 796 1889 358
815 1824 849 1888 d:
881 1819 961 1889 ἀλλὰ
991 1818 1052 1908 μὴν
1082 1822 1148 1889 οὐδὲ
1178 1819 1277 1901 οὕτως
1308 1821 1369 1908 elui

195 1939 339 2025 φίλιχὶινς
361 1933 400 2014 ὡς
423 1935 438 2003 ὃ
461 1933 546 2024 παρὰ
576 1937 619 2027 τῳ
642 1938 724 2027 αὐτῷ
753 1937 867 2025 ποιητῇ
899 1939 953 2024 (sc.
976 1937 1167 2025 Ἀντιφάνει)
1197 1941 1228 2004 ἐν
1252 1945 1369 2006 Boura·

194 2055 284 2134 λίωνί,
306 2053 378 2138 ὅπερ
395 2059 499 2140 δρᾶμα
515 2052 573 2118 τῶν
584 2052 758 2139 Ἀγροίκων
774 2053 854 2120 ἐστίν
872 2050 955 2143 [ἑνὸς]
972 2054 1131 2140 dicessuri:
1146 2056 1197 2143 198)
1215 2056 1369 2122 homines

194 2171 335 2236 rusticos
363 2175 477 2235 autem
512 2175 643 2255 propter
673 2171 795 2252 ingenii
830 2170 999 2255 quandam
1035 2170 1230 2236 tarditatem
1266 2177 1369 2257 etque

194 2284 398 2370 ἀναιοὶνηοίοιν
422 2285 537 2351 illusos
562 2306 634 2350 esse
659 2287 812 2351 omnibus
837 2290 891 2351 sat
914 2290 1031 2351 notum
1056 2291 1116 2351 est.
1157 2286 1313 2352 Ceterum
1330 2308 1371 2352 ex

303 2533 344 2597 197)
364 2534 403 2586 ef.
430 2536 541 2587 Plrotius
567 2536 712 2587 Reitzorrst.
738 2552 761 2601 p.
785 2537 844 2601 100,
870 2537 903 2588 24
928 2533 1101 2605 Ἀμιγιιίίίαι
1121 2552 1126 2562 ·
1147 2537 1176 2587 οἱ
1192 2542 1289 2605 μωροί.
1319 2535 1373 2589 ἀπὸ

192 2622 376 2691 Ἀμφιοίίίίοιι
399 2623 470 2679 τινὸς
495 2624 597 2693 μωροῦ,
624 2624 788 2694 ιίίένακδρος
804 2624 1017 2695 Ἴίιοβολιμαίῳ.
1056 2624 1147 2677 Habes
1166 2625 1371 2692 Amphietidem

195 2711 265 2778 tcprud
294 2712 403 2764 KIrclm.
432 2732 450 2764 s.
472 2730 511 2765 ur.
540 2713 590 2766 759
618 2711 660 2765 Ἀ.
693 2710 860 2782 Θεοπόμπου
887 2715 1049 2782 Παιονίδης,
1078 2713 1178 2766 lGll
1195 2715 1221 2781 ὅ,
1249 2716 1301 2770 767
1321 2715 1371 2768 02

194 2799 340 2870 ἐπιστάτης
364 2799 560 2861 Ἔλιοσινὸθιν
583 2817 606 2855 a.
627 2802 733 2871 33372.
761 2833 795 2840 —
821 2802 876 2854 Cet.
904 2801 937 2855 cf.
968 2802 1077 2854 Crusius
1103 2802 1252 2855 Verheodl.
1280 2803 1306 2855 d.
1328 2805 1372 2859 40.

195 2890 380 2942 ναίω-νοω.
402 2891 478 2957 reso,
500 2908 524 2957 p.
541 2892 627 2958 eesq.
1183 2874 1186 2880 “
1261 2906 1263 2910 “

302 2977 442 3037 1ίὸιἝνὸς
460 2980 528 3032 illud
548 2981 569 3032 si
589 2987 662 3032 recte
691 2981 824 3046 scribitur,
855 2981 1038 3046 Antiphanem
1067 2979 1185 3034 diversas
1218 2981 1372 3034 comoedias

195 3068 288 3120 eodem
307 3070 387 3120 titulo
401 3068 539 3136 ’Ἀγροικος
559 3071 700 3135 Insignitas
721 3071 858 3136 scripsisse
878 3069 1091 3122 concludendum
1116 3077 1163 3135 est,
1190 3070 1262 3136 quod
1286 3071 1370 3123 Mein.

194 3158 269 3211 h.cr.
290 3156 340 3209 332
361 3173 408 3209 suo
428 3159 485 3210 iure
506 3174 558 3209 uon
579 3159 722 3210 verisimile
741 3175 798 3210 esse
824 3159 959 3210 iudicarit.
997 3156 1072 3210 Idem
1097 3164 1188 3210 autem
1214 3167 1370 3227 propterea,

193 3244 264 3311 quod
284 3247 373 3296 stu-tim
392 3246 549 3299 Athenaeus
571 3249 712 3317 nonnullos
732 3264 823 3300 versus
836 3249 916 3299 titulo
930 3245 977 3297 ι’ν-
988 3247 1022 3317 τῴ
1037 3245 1174 3318 Ἀγροίκῳ
1184 3252 1372 3315 (exspectatur

193 3332 223 3385 ἓν
244 3338 298 3390 τοῖς
315 3331 480 3404 Ἀγροίκοις)
505 3337 627 3403 apposito
646 3335 735 3402 affert,
758 3335 818 3392 ἑνὸς
837 3338 958 3389 voculam
984 3335 1074 3388 delere
1095 3352 1147 3388 nou
1166 3351 1248 3389 ausus
1268 3353 1326 3390 rem
1344 3339 1369 3389 in

194 3423 280 3475 medio
301 3426 417 3491 reliquit.
456 3424 506 3476 Sed
528 3442 587 3478 cum
607 3425 668 3477 aliis
688 3442 792 3492 quoque
812 3428 873 3478 locis
896 3426 975 3478 huius
995 3425 1105 3478 fabulae
1123 3426 1232 3478 titulum
1255 3426 1370 3479 laudans

195 3513 271 3564 modo
291 3515 428 3579 singulari,
448 3514 526 3565 modo
546 3515 643 3580 plurali
665 3531 776 3567 numero
796 3522 888 3567 utatur
906 3513 949 3580 (ἕν
966 3513 1101 3584 Ἀγροίκῳ
1116 3515 1155 3566 IX
1167 3515 1219 3567 392
1234 3530 1257 3567 e.
1277 3507 1369 3569 3961).

194 3602 259 3654 XIII
286 3602 381 3668 567d3
413 3601 443 3653 ἓν
468 3600 622 3672 Ἀγροίκοις
650 3603 675 3655 X
698 3604 782 3656 llos
810 3604 857 3672 [sic
894 3606 974 3656 etiam
1007 3603 1120 3656 Photius
1153 3612 1180 3656 et
1207 3603 1282 3656 Suid.
1306 3621 1326 3658 s.
1347 3623 1370 3657 v.

195 3690 346 3759 ῥαγδαίους
364 3716 398 3736 --·-·
417 3691 450 3742 ir.
465 3694 480 3746 7
494 3691 571 3759 ΚΟ),
591 3690 621 3742 ἓν
639 3690 809 3760 Ἀγροικίσιν
822 3692 872 3744 XV
885 3684 981 3758 6927),
1001 3709 1059 3744 cum
1080 3692 1239 3745 ilusaubono
1258 3693 1369 3747 Lehmio

194 3780 237 3844 ιω,
252 3781 399 3831 airritu-a.
420 3780 489 3832 stud.
509 3779 601 3832 mnis
615 3799 638 3847 p.
652 3782 715 3836 secr
734 3782 855 3834 ιιοωωιο
875 3783 927 3845 ιω,
941 3782 1053 3845 Athen.)
1074 3778 1134 3838 ωίς
1151 3780 1297 3834 uerendum
1312 3770 1369 3836 eise

194 3884 297 3922 serisso.
336 3868 436 3920 Tamen
465 3868 497 3920 de
523 3872 636 3922 iteratae
665 3858 882 3923 fabulaetitulo
912 3887 963 3924 uon
993 3878 1109 3923 constat:
1138 3872 1195 3923 loco
1222 3872 1293 3923 euim
1323 3872 1369 3924 illo

193 3958 337 4023 Athenaei,
359 3974 437 4023 quem
457 3975 538 4026 supra
559 3960 756 4025 exscripsimus,
777 3961 874 4012 collato
894 3961 980 4025 quivis
994 3960 1097 4026 putabit
1110 3959 1245 4030 duplicem
1258 3961 1369 4012 titulum

187 4045 335 4115 Ἀγροικος
348 4046 364 4115 ἢ
379 4048 543 4112 Βουκολίων,
563 4048 714 4113 ubicunque
734 4051 858 4114 occurrii,
878 4048 912 4100 ed
925 4048 1034 4101 fabulae
1052 4045 1199 4118 διασκευήν
1218 4050 1369 4117 pertinere3

193 4135 238 4186 sed
259 4135 358 4187 Athen.
380 4136 430 4187 Vll
449 4136 531 4189 3131)
552 4153 585 4188 ex
604 4135 739 4206 Ἀγροίκῳ
754 4137 771 4206 ι)
787 4139 952 4188 Βουταλίωνι
971 4154 1062 4190 versus
1075 4139 1178 4204 ailquot
1191 4136 1282 4204 offert,
1302 4155 1369 4205 quos

194 4224 250 4290 ipse
265 4224 392 4276 V1113ss
411 4224 567 4291 lexpressis
588 4227 676 4277 verius
697 4229 778 4291 priori
799 4226 908 4278 Iulrulae
928 4225 1038 4279 editioni
1059 4224 1214 4297 (Ἀγροίκῳ)
1233 4227 1390 4285 attribuit,

195 4312 318 4364 Fortasse
339 4314 384 4364 illo
405 4315 462 4366 Ioco
481 4313 499 4383 ι)
520 4315 685 4365 Βουταλίωνι,
705 4321 733 4365 ut
753 4316 884 4381 glossema
904 4315 1056 4367 delendum.
1095 4317 1172 4367 Alter
1191 4330 1244 4382 quo
1267 4313 1369 4383 duplex

194 4402 287 4452 titulus
307 4403 404 4466 legitur
424 4404 495 4455 locus
516 4403 550 4454 ad
571 4411 711 4470 utromque
732 4404 874 4456 editionem
895 4404 990 4456 referri
1010 4412 1097 4469 potest
