3136 5024
653 278 890 330 ,-1.’”)ἴ)-

202 456 379 537 nescimus,
397 455 530 539 quando
544 456 578 519 in
594 455 803 520 Thessaliam
820 455 948 535 abierit,
971 476 1031 519 nec
1047 453 1225 519 Philetaeri
1249 475 1376 536 versus

204 592 269 655 quo
299 571 345 635 nil
376 570 467 636 aliud
497 571 640 636 fortasse
672 570 796 635 dictum
830 575 882 635 est
913 592 1013 654 quam
1047 561 1093 634 ne
1119 591 1220 635 anum
1245 569 1377 655 quidem

204 685 340 752 Laidem
365 686 501 752 desiisse
525 707 648 752 amare.

313 802 421 867 Unam
438 803 537 884 igitur
553 802 690 867 Laidem
706 803 811 867 luisse
828 801 989 866 celebrem
1000 803 1051 888 ³⁹¹)
1070 800 1233 866 contendo
1245 800 1376 886 Hpcca-

203 939 343 998 rensem,
368 918 462 982 cuius
493 919 616 982 aetatis
647 919 733 982 fines
765 939 866 1003 supra
896 918 980 982 satis
1012 917 1375 998 circumscribebantur.

203 1032 288 1113 Quid
312 1032 351 1097 de
375 1032 555 1097 Timandra
578 1038 684 1097 matre
709 1038 869 1113 statuam,
896 1031 1021 1097 dubito.
1062 1033 1188 1097 Tamen
1211 1033 1288 1097 licei
1309 1030 1376 1096 for-

202 1153 293 1214 tasse
318 1149 501 1213 coniectare
525 1147 706 1233 puellulam
729 1147 866 1212 Laidem
884 1147 1030 1212 Corinthi
1055 1148 1165 1212 nescio
1190 1169 1254 1233 quo
1279 1152 1375 1233 pacto

202 1265 236 1328 in
260 1263 457 1329 Timandrae
490 1285 610 1328 manus
643 1262 815 1329 devenisse
847 1267 948 1346 atque
981 1263 1068 1348 apud
1101 1285 1175 1328 eam
1199 1262 1376 1327 educatam

190 1384 307 1455 ,artem
338 1379 490 1445 didicisse
521 1380 755 1462 meretriciam,
790 1380 853 1444 hoc
876 1379 1075 1444 Timandrae
1106 1401 1227 1445 nomen
1258 1379 1375 1444 matris

203 1495 429 1582 attulisse.³⁹²)
477 1495 570 1575 Quod
595 1495 779 1580 suspicanti
802 1496 913 1581 potius
938 1496 1104 1560 assentiar
1127 1516 1228 1579 quam
1248 1496 1288 1576 ei,
1319 1495 1376 1578 qui

203 1612 355 1697 opinetur
386 1610 627 1676 Alcibiadis
656 1611 763 1676 filiam
787 1610 924 1676 Laidem
954 1610 1088 1677 reddere
1116 1611 1262 1676 voluisse
1287 1630 1373 1691 eum,

202 1725 258 1808 qui
280 1726 405 1811 primus
429 1725 644 1791 eTimandra
667 1730 774 1791 ortam
799 1748 872 1790 eam
890 1726 1039 1792 dixisset.
1079 1726 1165 1790 Nam
1189 1725 1278 1812 apud
1294 1727 1373 1811 Dip-

201 1841 415 1927 nosophistas
427 1863 469 1907 ne
482 1842 566 1907 exile
579 1841 712 1926 quidem
724 1842 904 1924 vestigium
921 1842 999 1906 talis
1012 1842 1176 1928 opinionis
1195 1842 1373 1906 invenitur.

308 1955 475 2035 Quosdam
499 1960 670 2022 veteres
700 1957 852 2021 homines
884 1957 1006 2039 doctos,
1038 1958 1228 2042 posterioris
1260 1957 1375 2042 opinor

201 2073 324 2137 aetatis
342 2073 439 2159 (certe
456 2076 532 2158 post
554 2073 787 2159 Polemonem),
813 2071 897 2136 duas
920 2072 1025 2137 fuisse
1048 2071 1169 2138 Laidos
1197 2071 1373 2137 credidisse

200 2186 255 2252 illo
279 2187 350 2252 loco
367 2188 542 2270 Athenaei,
567 2210 665 2272 quem
682 2210 782 2274 supra
806 2189 1039 2273 exscripsimus
1064 2187 1373 2274 (p.142),ostendi-

201 2304 328 2389 tur,³⁹³)
347 2303 405 2368 sed
421 2304 503 2368 haec
519 2307 591 2369 erat
607 2305 796 2369 coniectura
812 2325 878 2368 non
896 2304 992 2368 aliter
1008 2302 1186 2369 iudicanda
1202 2325 1241 2368 ac
1257 2303 1373 2387 quales

202 2440 262 2483 nos
287 2420 431 2484 solemus
455 2419 641 2504 periclitari.

307 2535 344 2598 In
367 2535 455 2599 hanc
477 2534 614 2600 Laidem
632 2534 871 2627 Cephisodorus
896 2539 930 2600 et
946 2535 1116 2620 Epicrates
1140 2536 1297 2620 scripsere
1320 2535 1372 2599 la-

199 2649 296 2714 bulas
320 2671 410 2732 suas
436 2673 519 2735 quas
539 2647 699 2726 Ἀντιλαίς
727 2652 956 2734 nominabant,
991 2672 1077 2735 quae
1108 2673 1188 2716 num
1221 2652 1307 2716 inter
1338 2672 1373 2715 se

200 2765 408 2830 cohaeserint
432 2771 470 2830 ut
485 2765 662 2830 verisimile
679 2770 731 2831 est
746 2767 795 2830 ita
811 2767 966 2831 nescitur.
1006 2767 1154 2832 Iltulum
1170 2768 1219 2831 ita
1235 2767 1370 2853 explico,

200 2884 238 2945 ut
260 2886 377 2967 poetas
394 2881 495 2946 aliam
511 2882 715 2946 meretricem
739 2881 911 2946 induxisse
933 2888 1058 2968 putem,
1079 2904 1164 2968 quae
1182 2885 1242 2947 aut
1258 2882 1371 2947 Laidis

199 3017 334 3061 munere
356 2997 550 3079 iungeretur
574 2996 625 3076 (cf.
643 2999 697 3062 Ar.
716 2997 773 3081 Eq.
794 2997 879 3062 1043
897 3019 944 3082 sq.
963 3001 997 3062 et
1027 3019 1124 3062 voces
1149 2997 1264 3081 quales
1293 3002 1373 3063 sunt

198 3106 404 3190 ἀντιβασιλεύς
433 3109 606 3187 ἀντίδουλος
630 3110 887 3197 circumsepserit
910 3111 1168 3196 ἀντιστρατηγσς;
1192 3110 1372 3198 dracmas

199 3225 356 3310 ἀντίλορος
378 3225 538 3312 diatonos
562 3227 618 3310 al.)
644 3233 704 3292 aut
727 3229 761 3292 iu
786 3250 859 3292 eam
884 3227 1127 3311 quodammodo
1158 3227 1372 3294 contenderet

199 3341 249 3418 lcf.
268 3340 423 3418 ἀντίπαλος
439 3341 654 3429 detractorii:
666 3343 929 3428 ἀντιστρατοώτης
942 3343 1172 3430 οὶντιφιλόσοφος
1184 3342 1373 3430 ἀντίχριστος

304 3528 349 3596 ³⁹¹)
369 3530 507 3583 Celebrem
528 3531 600 3598 dico,
621 3549 683 3584 nam
703 3534 811 3584 minime
831 3549 900 3598 nego
919 3531 978 3584 ficri
992 3533 1118 3599 potuisse,
1139 3539 1168 3584 ut
1181 3549 1235 3584 una
1250 3534 1369 3585 alterave

199 3620 370 3671 meretricula
388 3619 502 3672 obscura
521 3627 614 3687 postea
634 3621 807 3674 celeberrimo
828 3622 935 3673 nomine
956 3636 983 3673 se
1003 3629 1121 3673 ornaret.

304 3706 350 3773 ³⁹²)
369 3709 395 3760 Si
416 3707 588 3777 Theopompo
614 3710 688 3777 apud
716 3711 813 3762 Athen.
840 3710 905 3761 XIII
924 3711 1002 3762 595a
1024 3709 1100 3776 fides,
1126 3710 1284 3777 Pythionicu
1312 3716 1370 3762 erat

197 3811 272 3848 serva
298 3797 448 3864 Bacchidis,
474 3799 585 3851 Bacchis
611 3815 688 3852 serva
713 3799 836 3865 Sinopae.
863 3830 898 3837 —
924 3798 964 3852 Cf.
982 3816 1020 3851 or.
1041 3799 1172 3852 chaer.
1193 3800 1256 3865 §19
1276 3801 1369 3864 (supra

199 3901 222 3950 p.
237 3885 299 3950 120)
323 3887 510 3954 προσειποῦσα
535 3885 659 3944 δἀὗτας
687 3885 801 3958 ὀνόματι
830 3893 1018 3956 θυγατέρας
1048 3903 1096 3946 lsc.
1117 3888 1242 3941 Nicarete
1266 3890 1370 3954 puellus

198 3975 266 4040 illas,
286 3990 399 4040 quarum
419 3991 532 4042 corpora
554 3976 728 4041 venditabat).

304 4062 348 4129 393)
367 4063 428 4116 Non
449 4063 528 4116 credo
547 4067 691 4130 Agathiam
712 4067 903 4133 epigrammate
923 4082 970 4118 suo
989 4065 1033 4128 (ci.
1051 4064 1112 4117 adn.
1133 4066 1195 4125 389>
1213 4069 1369 4119 maiorem

196 4150 307 4203 Laidem
335 4152 492 4218 praedicare
520 4155 644 4220 voluisse,
671 4171 730 4206 cum
759 4156 888 4207 scriberet
920 4153 1006 4221 rapot·
1037 4154 1177 4222 ἔδρακον·
1203 4189 1207 4197 -
1234 4185 1239 4195 ·
1266 4154 1371 4212 Λαίδος

196 4236 338 4310 ἀρχαίης
355 4245 395 4308 (ut
408 4241 517 4294 videtur
530 4244 664 4295 sententia
681 4259 738 4296 esse
752 4245 828 4310 Papii
842 4245 867 4295 in
883 4260 952 4296 nom.
967 4245 1019 4296 lex.
1034 4262 1053 4295 s.
1068 4246 1117 4309 r.):
1139 4261 1200 4296 nam
1214 4246 1241 4296 in
1261 4246 1369 4296 maioris

197 4336 268 4379 certe
288 4331 411 4397 sepulcro
431 4333 526 4398 opinor
546 4348 598 4383 non
619 4331 758 4397 legebatur
777 4349 834 4384 eam
854 4335 981 4384 maiorem
1002 4331 1099 4384 fuisse:
1126 4335 1256 4399 Agathias
1280 4340 1369 4386 autem

196 4416 284 4468 addit:
305 4417 341 4474 ὡς
360 4419 389 4468 τὸ
406 4416 540 4489 χάραγμα
558 4420 639 4485 λέγει.
678 4420 718 4472 cf.
738 4421 796 4472 Nic.
817 4421 896 4473 Thcr.
917 4423 968 4475 48?
988 4419 1089 4490 ἀρχαίη
1111 4422 1274 4492 Μετάνειρα.
