3136 5024
691 252 885 302 -154—

200 431 398 516 Ἀφροδίτης.
410 431 461 517 386)
497 429 673 495 δείκνυσδαι
697 426 821 512 δἀὐτής
841 427 939 513 τάφον
956 430 1039 512 παρὰ
1057 424 1099 514 τῷ
1118 424 1235 512 Πηνειῷ
1253 434 1381 510 σημεῖον

203 545 313 630 ἔχοντα
335 542 438 630 ὑδρίαν
461 545 579 628 λιδίνην
603 543 656 608 καί
679 544 856 628 ἐπίγραμμα
879 542 956 609 τάδε·

331 659 424 744 τῆσδέ
447 657 514 726 τάδ’
541 655 561 743 q
586 658 777 744 μεγάλαυχος
800 657 946 742 ἀνίκητός
968 683 1004 722 τε
1028 653 1100 742 πρὸς
1121 652 1222 740 ἀλκὴν

400 772 519 852 Ἑλλάς
542 773 697 858 ἐδουλάῖιη
720 775 846 867 κάλλεος
869 775 1000 857 ἰσοῖέου,

330 892 464 968 Λαίδος·
483 888 519 974 ἣν
543 893 707 956 ἐτέκνωσεν
722 887 835 975 Ἔρως,
857 891 972 975 ἓτρέψευ
996 889 1028 954 δὲ
1053 887 1210 973 nepveu·

404 1016 504 1072 κεῖται
527 1005 587 1073 δ’ἐν
610 1012 734 1083 κλεινοῖς
757 1010 956 1081 Θετταλικοῖς
979 1005 1158 1090 peioraue

200 1122 478 1208 αὐτοσχεδιάζουσιν
514 1112 564 1188 οὖν
602 1123 629 1188 ci
664 1123 801 1206 λέγοντες
838 1116 932 1205 αὐτὴν
970 1123 999 1185 έν
1030 1120 1171 1208 Κορίυῖιῳ
1208 1119 1381 1205 τεῖιάφῗαι

201 1235 273 1324 πρὸς
295 1237 338 1328 τῷ
360 1238 505 1327 Κρανείῳ.
542 1238 616 1303 Non
641 1237 767 1319 dubito,
785 1237 864 1322 quin
886 1238 988 1301 etiam
1004 1237 1087 1301 haec
1102 1240 1254 1300 extrema
1270 1236 1379 1300 verba

200 1355 370 1421 Polemoni
394 1354 591 1420 debeantur:
617 1356 646 1418 εὐ
669 1353 712 1442 τῷ
736 1354 815 1442 ἕκτῳ
839 1351 900 1418 τῶν
924 1350 996 1437 πρὸς
1020 1352 1148 1437 Τίμαιον
1170 1351 1256 1416 haec
1272 1352 1378 1438 scrip-

199 1475 289 1536 serat
306 1471 435 1557 (Athen.
452 1472 517 1535 588
535 1472 572 1555 ο),
590 1473 624 1534 et
640 1470 797 1553 quoniam
814 1467 854 1533 de
870 1467 982 1533 Laidis
1000 1468 1126 1550 origine
1144 1488 1219 1533 cum
1235 1467 1377 1533 Timaeo

199 1587 365 1652 consentit
382 1585 424 1671 (v.
443 1607 544 1670 supra
559 1595 589 1670 p.
606 1586 690 1672 147),
709 1583 747 1648 de
765 1583 912 1670 sepulcro
930 1605 1005 1649 eum
1026 1583 1143 1648 erroris
1159 1583 1377 1649 insimulasse

199 1701 368 1788 putandus
393 1705 460 1782 est3
485 1704 623 1786 apparet
639 1699 682 1765 ad
699 1701 870 1764 Timacum
893 1698 1102 1764 referendum
1118 1720 1201 1781 esse,
1226 1697 1317 1782 quod
1336 1699 1377 1763 de

198 1816 310 1882 Laidis
342 1821 556 1881 monumento
581 1816 748 1881 Corinthio
779 1814 922 1881 traditur
953 1815 1004 1900 (cf.
1028 1798 1172 1880 Paussl.
1190 1815 1227 1880 l.:
1261 1811 1319 1898 api
1344 1815 1377 1880 δὲ

198 1931 254 2016 τῆς
271 1929 384 2007 πόλεως
397 1932 564 2018 (Corinthi)
578 1931 769 2016 aesopicum
781 1929 861 1996 ἐστὶν
875 1930 966 2006 ἄλσος
982 1928 1201 2015 ὀνομαζόμενον
1213 1928 1375 2015 Κράνειον.

198 2046 334 2112 emma
349 2082 353 2089 ·
369 2045 480 2111 ·--κα“ι
503 2045 603 2132 τάφος
625 2046 746 2126 Λαίδος,
776 2039 799 2134 ᾠ
828 2042 865 2130 δὴ
895 2050 1000 2111 λέαινα
1030 2044 1172 2131 extirpo
1203 2048 1268 2111 ἐστι
1292 2041 1376 2130 κριὸν

198 2162 308 2247 ἔχουσα
339 2165 368 2227 ἐν
398 2172 464 2239 τοῖς
493 2165 649 2248 προτέροις
682 2160 776 2227 ποσίν.
810 2160 874 2226 ἔστι
904 2161 936 2226 δὲ
966 2161 1020 2226 καί
1050 2157 1122 2227 ἄλλο
1152 2163 1182 2226 ἐν
1214 2161 1376 2250 Θεσσαλίᾳ

197 2278 465 2364 ,1αίδοςφάμενον
490 2282 597 2363 μνῆμα
619 2271 695 2345 εἶναι
724 2280 814 2360 κτλ).
862 2278 998 2360 Egregie
1022 2277 1154 2343 videtur
1180 2279 1374 2344 confirmari

197 2416 309 2459 corum
326 2394 445 2478 opinio,
463 2394 519 2478 qui
537 2392 620 2458 duas
637 2393 757 2459 Laidos
773 2394 877 2459 fuisse
893 2393 1026 2459 volunt:
1050 2395 1209 2459 maiorem
1232 2393 1375 2460 Laidem

196 2510 230 2573 in
245 2509 355 2594 patria
371 2508 486 2573 dicunt
502 2510 715 2574 consenuisse
740 2509 791 2594 (ci.
809 2509 951 2595 Epicrat.
969 2509 1064 2592 frgm.
1082 2508 1170 2575 laud.
1183 2531 1215 2595 p.
1232 2511 1308 2596 141)
1319 2510 1373 2596 388)

196 2625 308 2708 ibique
321 2628 487 2690 mortuam
496 2625 624 2710 (Philet.
633 2625 672 2690 fr.
687 2624 774 2689 laud.
786 2648 817 2719 P}
828 2626 900 2691 143.
914 2627 976 2690 122
985 2630 1045 2712 sq.)
1059 2625 1206 2690 Corinthi
1219 2625 1374 2712 sepultu-

195 2762 266 2804 ram
282 2740 460 2821 invenisse⁷
471 2741 523 2827 389)
540 2740 652 2805 Laidis
669 2741 806 2806 iunioris
823 2741 926 2806 fuisse
944 2740 1129 2826 sepulcrum
1145 2742 1180 2807 in
1194 2740 1375 2808 Thessalia

195 2857 307 2920 situm.
342 2858 388 2921 At
402 2855 536 2921 Polemo
563 2860 649 2921 certe
673 2877 739 2921 non
763 2857 825 2922 hoc
846 2857 942 2922 modo
966 2857 1033 2922 ista
1057 2857 1208 2944 sepulcra
1230 2857 1320 2924 inter
1337 2880 1374 2925 se

198 2971 440 3054 distinguebat:
464 2973 599 3037 Timaeo
624 2972 809 3054 obiecisset,
834 2972 921 3057 quod
946 2995 1048 3038 unam
1072 2970 1207 3039 tantum
1231 2972 1375 3040 Laidem

195 3091 319 3169 nosset,
345 3109 419 3151 cum
444 3086 529 3153 duae
552 3087 705 3153 fuissent.
753 3088 796 3152 Et
826 3110 867 3152 ne
898 3110 958 3155 nos
989 3088 1123 3172 quidem
1145 3092 1279 3175 propter
1303 3088 1375 3156 dua

195 3202 345 3288 sepulcra
376 3201 460 3267 duas
487 3202 607 3268 Laides
638 3202 767 3268 credere
798 3225 932 3269 necesse
965 3208 1031 3269 est:
1063 3203 1102 3269 de
1130 3204 1186 3269 illo
1217 3204 1374 3291 sepulcro

194 3318 384 3383 Thessalico
416 3339 490 3383 cum
514 3318 691 3384 Polemone
721 3322 808 3384 teste
839 3325 985 3404 nequeat
1008 3318 1227 3407 dubitarim)
1253 3320 1375 3386 Oorin-

194 3433 301 3497 thium
325 3455 382 3519 pro
407 3434 602 3518 cenotaphio
627 3434 800 3500 habuerim
831 3457 852 3500 a
882 3436 1073 3521 propinquis
1100 3435 1244 3501 fortasse
1266 3437 1375 3505 muli-

195 3549 257 3612 eris
282 3553 460 3613 exstructo.
500 3549 614 3633 Neque
632 3549 793 3634 Epicratis
817 3551 1041 3633 fragmentum
1066 3552 1189 3628 obstat,
1207 3552 1376 3636 quoniam

300 3761 343 3828 386)
362 3762 402 3814 Cf.
423 3761 552 3829 Tucmpcl
572 3762 664 3815 Fleck.
684 3763 778 3816 Jahrb.
800 3764 892 3829 Suppl.
913 3764 946 3815 18
970 3763 1062 3828 (1888)
1089 3762 1153 3828 2143
1179 3760 1214 3814 id.
1235 3779 1280 3830 ap.
1302 3764 1373 3817 I‘W

194 3850 288 3905 rur-29
307 3867 359 3917 sq.;
380 3851 491 3917 Gruppc
512 3850 556 3903 Gr.
577 3852 662 3920 Myth.
684 3853 775 3918 11904
794 3852 868 3905 adu:
888 3868 912 3918 p.
934 3852 1002 3904 1349
1022 3851 1084 3903 adn.
1104 3852 1129 3906 3.

300 3937 344 4003 387)
365 3940 544 3992 Posteriorunr
557 3949 697 4007 poetarum
709 3942 796 4008 elogia
806 3940 869 3992 ficta
879 3957 902 3991 ν.
912 3942 938 3991 in
951 3941 1034 3992 Anth.
1044 3941 1099 3992 Pal.
1108 3940 1158 3992 Vll
1167 3941 1227 3993 218.
1237 3940 1299 3992 219.
1307 3943 1373 3997 220.

299 4026 344 4092 388)
363 4028 474 4079 Laidem
494 4031 610 4080 vetulom
629 4030 713 4082 hahes
733 4031 813 4082 ctiam
833 4029 918 4081 Anth.
939 4030 994 4081 Pal.
1016 4029 1138 4096 1X‘2603
1158 4030 1220 4081 lena
1236 4028 1313 4083 farta
1329 4039 1374 4084 cst

193 4117 264 4184 opud
284 4117 425 4170 Claudian.
446 4119 471 4169 in
492 4119 604 4186 Eutrop.
625 4120 685 4172 loo
698 4136 766 4187 sqq.;
787 4119 819 4171 ct.
841 4119 934 4186 Syrtes.
955 4121 970 4171 l.
986 4120 1002 4170 l.
1029 4123 1063 4179 (v.
1078 4135 1103 4185 p.
1119 4119 1189 4183 148).

299 4205 344 4271 ³⁸⁹)
365 4205 405 4259 Cf.
418 4208 581 4273 epigramma
596 4208 729 4274 Agathino
743 4209 824 4260 Auth.
839 4209 894 4260 Pal.
907 4208 956 4260 VII
968 4208 1020 4262 mo
1032 4207 1148 4276 Ἕρπων
1161 4207 1202 4264 εἰς
1214 4205 1346 4279 Ἐφύρη
1355 4231 1374 4260 ν

192 4293 278 4359 τάφον
296 4294 412 4363 ἔδρακον
432 4293 505 4365 οἶμαὶ
525 4298 654 4347 κέλευθον
680 4299 682 4365 )
707 4298 812 4353 Λαίδος
830 4294 955 4366 ἀρχαίης,
976 4295 1011 4353 ὡς
1031 4299 1060 4347 τὸ
1077 4295 1210 4368 χάραγμα
1229 4299 1312 4364 λέγει,

299 4382 344 4448 ³⁹⁰)
365 4386 453 4436 Aliter
473 4385 574 4437 irulirut
593 4386 723 4454 Tuempcl
744 4388 759 4438 Ι.
774 4389 790 4438 l.
811 4390 845 4452 (v.
866 4387 926 4438 arlo.
947 4388 1017 4450 386).
