3136 5024
650 280 881 352 -eezf

149 459 279 545 έταιρος)
305 458 438 540 Cliniae,
464 460 594 523 iuvenis
618 459 788 541 luxuriosi,
814 477 912 543 quem
936 458 990 523 ille
1014 459 1106 540 gravi
1131 433 1166 523 et
1181 458 1326 542 benigna

152 573 385 639 adhortatione
410 573 453 639 ad
469 573 667 639 modestiam
685 578 718 640 et
734 573 945 660 prudentiam
969 595 1131 639 revocare,
1144 573 1321 639 studebat“

150 690 222 770 (Ko.
240 689 260 754 l.
278 690 327 777 l),
351 711 452 774 quam
477 670 701 756 coniecturam
724 694 812 755 reete
836 690 917 755 mihi
947 688 1103 756 videntur
1133 689 1325 775 repudiasse

150 806 216 871 Leo
231 806 355 893 (Herm.
368 805 475 870 XVIII
489 804 596 894 [1883)
610 806 685 892 559)
700 811 734 871 et
746 806 960 878 Hueifnerus,
970 807 1020 891 Π1)
1034 827 1101 870 non
1114 807 1224 870 minus
1237 810 1324 870 recte

149 923 202 986 hie
225 911 319 987 illius
339 922 537 1007 opinionem,
562 923 619 1006 qui
642 922 846 988 Demetrium
871 943 943 987 esse
968 921 1164 987 Phalereum
1186 921 1325 1007 probare

148 1037 343 1118 conabatur,
383 1035 525 1102 debilem
563 1057 636 1102 esse
675 1037 871 1104 affirmavit.
919 1037 989 1116 Quo
1024 1036 1172 1102 Plautini
1205 1056 1323 1102 versus

150 1153 348 1238 pertineant,
373 1151 483 1217 adhuc
506 1154 682 1218 nescimus.
696 1154 747 1240 180)

257 1267 420 1332 Fabulam
444 1272 478 1334 et
502 1267 662 1333 Graecam
687 1273 721 1333 et
748 1269 888 1335 barbare
919 1290 1113 1335 conversam
1145 1266 1324 1333 admodum

148 1383 311 1468 placuisse
325 1384 567 1471 spectatoribus
586 1384 829 1469 lectoribusque
847 1384 1038 1450 concludere
1051 1384 1128 1449 licet
1141 1405 1158 1449 e
1171 1381 1320 1448 Diomed.

149 1498 208 1583 lp.
227 1499 334 1563 3971>
357 1498 397 1585 (p.
421 1501 498 1580 402,
525 1500 603 1586 msa
628 1499 711 1587 Keil)
747 1499 854 1585 ,apud
890 1499 1071 1586 Turpilium
1103 1497 1323 1564 comoedia

149 1613 300 1696 nobili,
327 1616 420 1679 cuius
445 1615 564 1680 titulus
594 1615 800 1680 Demetrius“
835 1616 997 1702 (sequitur
1025 1615 1064 1681 fr.
1095 1615 1172 1679 XlV
1202 1614 1322 1700 Ribb.),

55 1725 58 1730 ’
152 1768 188 1777 -
217 1732 315 1794 etex
339 1751 377 1795 eo
409 1730 562 1812 fortasse,
594 1730 680 1815 quod
712 1732 764 1796 bis
795 1731 882 1796 hano
913 1730 1117 1797 comoediam
1146 1731 1323 1817 protulisse
1402 1788 1404 1795 ,
1451 1730 1453 1740 ’

149 1842 282 1909 videtur
297 1844 411 1910 Alexis
428 1849 514 1910 teste
531 1846 705 1911 Athenaeo
721 1846 798 1910 XIV
815 1848 879 1911 663
897 1869 913 1911 c
930 1846 981 1933 (ci.
999 1845 1075 1911 adn.
1095 1847 1179 1934 175),
1205 1867 1322 1930 quam-

150 1981 251 2045 quam
275 1960 337 2026 hoc
361 1961 462 2026 etiarn
480 1962 515 2025 in
531 1962 632 2027 aliam
656 1967 784 2047 partem
805 1962 909 2047 accipi
924 1965 1047 2048 potest:
1070 1961 1230 2041 conferas
1256 1982 1323 2044 qua

151 2076 191 2142 de
216 2071 319 2143 eausa
342 2076 582 2162 Aristophanes
606 2078 720 2142 Nubes
744 2078 918 2143 Terentius
941 2077 1105 2188 llecyram
1124 2077 1322 2157 retractarit,

151 2197 186 2258 et
208 2194 329 2258 Athen.
354 2191 399 2256 lX
423 2193 535 2257 3741).

257 2310 394 2375 Reieota
417 2309 475 2374 illa
499 2307 538 2373 de
562 2309 747 2374 Poliorceta
771 2309 936 2375 Demetrio
969 2309 1158 2374 coniectura
1189 2308 1321 2373 unicum

151 2425 291 2508 signum,
317 2446 381 2509 quo
405 2428 538 2510 tempus
561 2423 696 2489 fabulae
722 2425 1019 2517 circumscribatur,
1044 2425 1231 2505 amisirnus;
1265 2423 1320 2488 sed

259 2726 301 2781 ¹⁷⁹)
319 2728 360 2780 De
385 2728 474 2780 Plauti
502 2726 701 2780 comoediarum
730 2730 860 2795 exemplis
887 2729 985 2780 Atticis
1010 2730 1181 2794 quaestiones
1207 2730 1323 2780 maxime

150 2815 351 2883 chronologicae
371 2817 452 2882 (Diss.
474 2816 543 2869 Gott.
559 2817 638 2882 1894)
653 2834 678 2883 p.
695 2817 728 2871 37
742 2833 782 2883 sq,
812 2818 904 2868 Liceat
917 2816 981 2866 mihi
996 2819 1052 2868 eius
1066 2817 1147 2868 verba
1161 2816 1323 2868 exscribere:

153 2903 254 2975 ,Vides
268 2934 283 2972 ·,
309 2921 389 2972 quam
415 2921 467 2958 non
488 2908 509 2957 is
529 2905 690 2971 Demetrius,
710 2907 754 2972 qui
775 2907 801 2957 in
822 2906 936 2958 Cliniam
955 2921 1057 2956 summa
1077 2906 1148 2956 mala
1167 2908 1279 2970 ingerat,
1300 2906 1323 2956 ei

149 2995 300 3059 conveniat,
328 2996 372 3060 qui
399 2997 513 3046 amicum
539 2997 615 3061 gravi
644 3003 669 3046 et
696 2995 812 3060 benigna
838 2993 1027 3046 adhortatione
1055 2993 1087 3045 ad
1116 2995 1323 3059 temperantiam

150 3097 274 3135 revocare
294 3081 414 3150 studeat,
443 3086 507 3150 quin
527 3083 681 3136 Demetrius
700 3100 728 3135 re
752 3100 815 3135 vera
842 3081 991 3135 maledictis
1017 3090 1043 3135 et
1072 3084 1164 3149 iurgiis
1190 3083 1324 3133 lacessivit

149 3171 272 3227 Cliniam,
297 3188 348 3224 nec
367 3172 486 3225 dubitari
507 3179 602 3239 potest,
631 3175 694 3239 quin
725 3173 871 3240 Chrysalus
900 3172 1095 3224 Mnesilochum
1124 3173 1324 3238 vituperaturus

149 3259 185 3312 ad
203 3262 326 3327 graviora
345 3264 433 3330 potius
456 3278 535 3328 quarn
556 3263 658 3314 minora
678 3264 834 3329 respexerit.
873 3262 978 3313 Deinde
998 3260 1063 3313 illud
1086 3262 1244 3327 „umquam“
1261 3262 1288 3311 in
1300 3278 1322 3313 v,

149 3349 202 3401 912
222 3365 274 3402 non
296 3351 357 3402 licet
376 3352 532 3418 intellegere
553 3351 585 3402 de
605 3350 700 3403 fabula
719 3353 800 3403 semel
820 3352 895 3403 bisve
914 3349 977 3403 data
998 3356 1062 3402 etc.“

259 3437 301 3501 ⁸⁸⁰)
320 3439 421 3491 Cliniae
443 3456 539 3492 nomen
559 3441 585 3491 iu
607 3441 661 3491 vita
680 3439 890 3491 Atheniensibus
911 3456 963 3491 non
984 3441 1022 3490 ita
1042 3440 1169 3491 usitatum
1188 3437 1322 3504 (undecim

149 3526 224 3594 apud
241 3525 352 3580 Kirchn.
372 3529 461 3593 1569)
481 3528 634 3581 comoediae
661 3530 798 3595 proprium
823 3528 887 3580 luit:
914 3529 947 3580 ci.
967 3529 1054 3580 Plaut.
1074 3530 1148 3580 Asin.
1169 3528 1234 3593 865,
1261 3527 1322 3579 Ter.

150 3613 235 3667 aner.
255 3616 304 3682 863
323 3617 521 3685 heautontim.;
543 3618 597 3670 nc.
619 3619 681 3685 pall.
701 3616 819 3669 511111
839 3635 863 3684 p.
884 3618 934 3671 111
955 3597 1269 3682 Riblt.²(lrtlncv'ersl1nr
1289 3616 1323 3668 ae

151 3703 317 3755 Demetrium
345 3705 532 3780 Turpilianum
561 3708 665 3758 rettulit
691 3707 855 3758 Fritzschius
884 3715 1013 3771 sequente
1039 3705 1185 3773 Toeppelio
1209 3707 1224 3757 l.
1249 3706 1264 3756 l.
1289 3706 1322 3772 [v.

150 3790 212 3844 adn.
239 3792 301 3862 178]
324 3811 348 3861 p.
373 3795 425 3859 11).
452 3825 486 3832 —
512 3797 601 3861 Atque
628 3795 731 3847 Cliniae
757 3795 812 3847 filio
839 3795 1135 3847 Heautontimorumeni
1162 3797 1247 3845 multa
1267 3810 1324 3859 pro·

150 3878 221 3932 fecto
252 3883 323 3933 mala
355 3890 432 3934 erant
463 3883 606 3949 audienda,
641 3884 688 3935 sed
719 3885 803 3951 patris
836 3900 932 3935 nomen
974 3882 1148 3936 Menedemus
1179 3892 1218 3935 est
1251 3881 1323 3950 apud

152 3968 320 4022 Terentium:
349 3971 495 4024 dolendum
522 3981 570 4036 est,
596 3972 676 4039 quod,
697 3989 757 4023 cum
776 3974 984 4024 commentarius
1011 3973 1112 4024 Donati
1136 3974 1162 4023 in
1189 3971 1324 4024 Heauton-

150 4058 347 4112 timorumenon
380 4060 457 4124 desit,
484 4064 626 4127 nescimus,
655 4077 706 4127 quo
735 4063 840 4112 nomine
869 4060 1018 4113 Menander
1043 4070 1149 4127 patrem
1180 4061 1322 4112 ornaverit.

151 4145 350 4200 —Demetrius
369 4157 449 4216 poeta
468 4151 591 4216 comicus,
612 4167 690 4215 quern
711 4149 875 4202 Hueffncrus
895 4152 911 4202 l.
933 4151 949 4201 l.
973 4156 1111 4215 memorat,
1131 4152 1158 4200 in
1178 4147 1323 4214 comoedia,

150 4235 193 4285 eui
219 4232 420 4308 Ἀρεοπαγίτης
448 4241 591 4305 inscripsit,
618 4239 775 4291 histrionem
795 4240 821 4290 in
845 4255 969 4291 scaenam
992 4239 1097 4290 videtur
1119 4237 1255 4291 induxisse
1280 4237 1323 4302 (fr.

152 4322 177 4388 1,
190 4323 214 4389 3,
236 4323 285 4377 Ko.
301 4326 341 4376 ill
363 4327 428 4394 3573
448 4327 481 4379 cl.
502 4327 585 4379 Wilh.
606 4327 672 4379 Urlr.
693 4345 717 4394 p.
740 4329 808 4393 154),
835 4328 881 4379 sed
904 4329 1006 4379 nullum
1026 4328 1183 4380 histrionem
1210 4327 1323 4379 Cliniam

77 4460 81 4465 .
152 4413 260 4464 nomine
282 4417 350 4467 novi.
