3136 5024
626 247 821 300 -173-

246 425 392 492 Stellulis
416 426 556 512 appictis
580 423 732 490 videmus
757 428 811 490 sat
830 445 988 507 magnum
1005 424 1177 490 titulorum
1192 445 1309 488 nume-

254 517 257 525 r

138 562 212 606 rum
235 541 453 627 posteriorum
476 545 650 627 poetarum
669 540 785 622 fuisse,
810 543 844 605 et
859 540 937 605 licet
953 560 1188 625 saepenumero
1205 561 1309 604 mere-

138 657 236 722 trices
269 656 390 741 aliique
420 656 658 721 homunciones
689 655 820 720 obscuri
849 655 913 720 illis
950 654 1125 720 comoediis
1161 653 1311 720 dederint
1439 676 1441 683 ·

138 772 284 854 nomina,
308 774 422 836 tamen
445 792 513 836 non
537 771 607 836 sine
631 770 810 855 voluptate
835 791 896 834 nos
927 744 1080 834 existimo
1112 769 1309 852 comoedias

138 886 255 971 quales
279 891 375 951 erant
402 871 550 962 Διονύσιος
579 875 728 960 obtura
761 883 889 950 Πλάτων
920 883 1113 960 Πολύευκτος
1140 883 1310 965 'inritata

138 1001 236 1067 hodie
260 1023 333 1067 esse
356 1002 510 1085 lecturos
535 1002 563 1066 si
587 1001 671 1066 forte
695 1002 729 1064 in
753 989 864 1065 lucem*
883 1001 1115 1086 proferrentur.

246 1116 431 1182 Dolendum
455 1116 601 1203 proiecto
626 1120 687 1198 est,
712 1115 800 1200 quod
824 1121 894 1181 tam
923 1116 1020 1181 multi
1051 1116 1144 1198 signo
1177 1115 1310 1181 dubita-

139 1233 240 1298 tionis
264 1236 361 1297 erant
384 1231 532 1314 ornandi,
557 1252 664 1316 neque
688 1233 752 1317 ipsi
774 1253 935 1315 negamus
960 1230 1136 1296 nonnullos
1156 1230 1241 1296 ialso
1258 1232 1311 1295 hic

139 1349 264 1434 positos
301 1369 383 1429 esse,
417 1347 511 1429 alioS,
551 1369 633 1433 quos
673 1348 854 1428 omisimus
896 1346 1077 1432 ponendos
1139 1346 1311 1413 Erroribus

140 1464 288 1529 obiectae
314 1467 393 1528 sunt
417 1485 541 1545 omnes
570 1463 823 1547 quibuscunque
855 1473 929 1527 cum
953 1462 1148 1544 fragmentis
1172 1484 1224 1526 res
1249 1468 1309 1544 est,

141 1558 363 1664 quaestiones
399 1601 461 1644 nec
494 1600 610 1643 sumus
643 1578 747 1660 obliti
785 1599 885 1662 quam
920 1599 993 1642 raro
1029 1578 1063 1642 in
1098 1578 1237 1659 singulis
1268 1578 1311 1643 ad

140 1698 265 1759 eertum
288 1695 391 1759 finem
414 1695 619 1780 potuerimus
643 1694 813 1780 pervenire
837 1698 898 1759 aut
924 1695 1023 1759 rebus
1054 1695 1134 1778 ipsis
1163 1693 1312 1780 impediti

140 1814 202 1876 aut
224 1813 340 1875 nostra
363 1810 505 1875 inscitia.

247 1926 371 2005 Quasa
382 1926 471 1990 fictis
488 1918 636 2011 personis
654 1924 886 1999 denominatas
903 1925 1096 2009 putavimus
1114 1924 1310 2006 comoedias,
1350 1911 1352 1920 ¹

141 2063 224 2126 ques
247 2042 299 2106 cui
323 2041 421 2106 classi
438 2042 695 2107 attribueremus
713 2021 952 2118 dubitavimus,
976 2035 1131 2105 nolumus
1152 2045 1310 2126 repetere:

140 2159 174 2221 in
198 2157 373 2237 indicibus
406 2157 461 2242 qui
486 2156 659 2238 addentur,
685 2177 799 2221 omnes
823 2154 920 2220 facile
944 2161 1086 2241 possunt
1108 2155 1311 2241 perlustrari.

140 2273 210 2337 Hoc
241 2277 354 2337 autem
386 2277 517 2354 gratum
545 2271 614 2336 iore
646 2292 816 2357 speramus
846 2270 990 2353 lecturis,
1023 2271 1051 2335 si
1081 2292 1139 2335 eas
1166 2270 1310 2351 fabulas,

142 2409 282 2481 quarum
306 2391 455 2473 tempora
480 2392 541 2451 aut
565 2386 704 2452 aliorum
730 2391 790 2450 aut
813 2387 935 2451 nostris
964 2387 1160 2452 coniecturis
1184 2387 1236 2450 usi
1259 2385 1313 2450 uel

140 2505 309 2589 potuimus
334 2502 471 2567 definire
501 2503 555 2567 vel
586 2502 787 2584 studuimus,
819 2524 923 2566 unum
954 2503 987 2566 in
1018 2502 1126 2567 locum
1158 2501 1312 2567 collectas

141 2619 194 2682 hio
216 2619 250 2682 in
274 2619 342 2683 linc
365 2618 467 2683 libelli
491 2639 709 2703 apponemus:

441 2756 467 2799 c.
493 2755 523 2797 a.
540 2734 721 2798 410400?
747 2732 918 2798 Strattidis
943 2733 1156 2816 Καλλιππίδης
1184 2733 1224 2818 (p.
1247 2734 1311 2816 24).

500 2848 558 2912 fin.
584 2869 669 2912 saec.
695 2847 725 2911 V
748 2848 904 2933 Archippi
921 2842 1031 2913 Ῥίνων
1055 2848 1096 2933 (p.
1121 2849 1184 2934 21).

749 2962 1311 3050 Theopompireeapaegp.resq).

448 3080 516 3144 init.
543 3101 628 3144 saec.
653 3078 722 3144 IV‘?
748 3075 1314 3164 strennuus-eceratirascatur

806 3195 846 3280 u·
872 3195 935 3280 ra·

500 3333 529 3383 a.
548 3311 702 3375 300-80
748 3310 864 3375 Eunici
888 3310 941 3374 vel
966 3308 1099 3395 Philylii
1113 3305 1247 3373 ’Ἄντεια

806 3424 846 3511 ln·
874 3427 935 3488 no
960 3426 1056 3509 suo)-

747 3537 1311 3627 ΑηῖίρὴαηὶεἊντειαψ.119800).

499 3679 528 3721 a.
547 3658 723 3722 eoo-801>
748 3656 888 3743 Ephippi
913 3655 1028 3741 Φιλύρα
1052 3656 1092 3741 (p.
1120 3657 1205 3741 134).

456 3794 481 3837 c.
500 3794 530 3838 a.
549 3774 612 3836 388
749 3771 920 3836 Strattidis
945 3772 1092 3857 Κινησίας
1116 3771 1156 3856 (p.
1179 3774 1221 3835 28
1242 3773 1312 3855 sip).

499 3911 528 3953 a.
548 3890 672 3971 aanor
750 3886 995 3951 Anaxandridis
1021 3885 1185 3961 Σώσιππος

807 4002 846 4088 (o
872 4004 915 4065 43
939 4002 1010 4088 sol-

456 4139 482 4183 c.
500 4140 530 4182 a.
548 4119 672 4202 aarum
747 4117 993 4182 Anaxandridis
1018 4118 1229 4202 11ρωτεσοαας

806 4233 846 4318 (p.
874 4234 958 4319 126).

459 4371 484 4414 c.
503 4373 532 4415 a.
551 4351 727 4414 :reo-705>
752 4349 873 4414 Eubuli
892 4350 1058 4434 Κέρκωπες
1073 4349 1160 4430 (adn.
1179 4350 1268 4432 300).
