3164 5032
775 233 951 285 ...18-

277 405 411 487 habuit;
436 407 656 471 reminiscaris
673 407 782 489 velim,
805 430 905 492 quam
923 432 1021 496 saepe
1038 412 1225 498 Euripidem
1242 416 1276 480 in
1293 440 1449 485 scaenam

277 525 435 590 comicam
460 521 632 587 deduxerit
655 523 904 608 Aristophanes
979 574 981 577 .

382 640 443 704 Pro
468 638 584 703 ultimo
602 643 796 720 argumento
821 640 883 704 hoe
907 641 1008 706 affert
1023 642 1184 709 Haasius:
1210 648 1288 730 quia
1309 650 1448 716 victoria

275 756 431 842 Autolyci
461 757 494 819 in
518 755 650 819 initium
676 755 829 843 ceciderit
855 758 935 820 anni
958 759 1120 845 422sl‚²'⁶)
1151 760 1301 827 futurum
1332 765 1445 848 fuisse,

275 877 313 937 ut
347 873 445 938 nimis
476 894 633 955 magnum
669 874 838 958 temporis*
861 875 1016 959 spatium,
1047 877 1067 940 i.
1094 898 1121 940 e.
1153 877 1273 959 viginti
1304 901 1445 962 menses,

273 991 536 1075 interponeretur
551 990 724 1054 victoriam
741 990 827 1053 inter
840 994 873 1054 et
886 990 1098 1072 comoediam,
1116 992 1198 1057 haec
1211 993 1239 1057 si
1251 994 1446 1080 insequente

274 1105 406 1169 demum
423 1127 511 1170 anno
527 1105 590 1168 421
596 1104 652 1175 luo
669 1103 767 1169 docta
783 1108 872 1169 esset
899 1104 1006 1188 „quod
1022 1106 1055 1170 in
1073 1106 1133 1171 tali
1146 1109 1335 1175 comoediae
1348 1133 1445 1194 argu-

273 1225 384 1286 mento
410 1220 495 1286 credi
519 1220 651 1306 nequit“
681 1219 722 1305 (p.
749 1221 810 1306 19).
858 1219 901 1285 Et
931 1220 994 1284 hac
1024 1243 1154 1306 quoque
1185 1244 1219 1287 re
1246 1246 1313 1289 non
1338 1225 1444 1291 diver-

272 1328 346 1402 sam
377 1337 480 1401 luisse
511 1336 712 1422 Autolycum
744 1335 786 1399 ab
811 1335 1049 1423 Adulatoribus
1081 1337 1198 1402 evinci.
1245 1338 1315 1418 Quo
1347 1362 1444 1423 argu-

277 1457 388 1518 mento
414 1451 495 1516 adeo
520 1452 600 1515 mihi
625 1472 691 1515 non
714 1451 889 1536 persuasit,
915 1454 1092 1516 utcontra
1116 1450 1222 1517 dicam
1246 1454 1333 1520 hanc
1360 1462 1444 1521 tem-

273 1569 365 1654 poris'
384 1568 547 1632 rationem
572 1566 601 1631 ei
625 1567 736 1651 aptius
761 1566 883 1646 afferri,
916 1567 972 1651 qui
996 1565 1145 1632 diversas
1175 1568 1279 1634 fuisse
1301 1570 1443 1637 ¹fabulas

273 1681 467 1762 contendat:
492 1703 570 1746 nam
595 1704 669 1747 oum
693 1682 899 1767 reputaveris
922 1685 1039 1767 poetas
1064 1687 1118 1748 sat
1141 1682 1246 1748 multo
1270 1690 1349 1750 ante
1374 1685 1442 1752 dies

272 1800 377 1865 festos
409 1798 563 1863 debuisse
594 1795 747 1861 dramata
777 1797 924 1883 perfecta
953 1798 1131 1885 habere,²⁷)
1162 1801 1272 1885 potius
1302 1803 1442 1886 reperies

235 1899 236 1903 Ἰ
271 1938 328 2002 per
351 1920 482 2000 ternpus
505 1919 624 2000 poetae
648 1913 706 1978 vix
729 1913 861 1978 licuisse
878 1935 895 1977 e
915 1914 1055 1978 victoria
1077 1914 1328 1981 Panathenaica
1351 1940 1441 1982 surn-

270 2053 360 2096 mam
384 2031 570 2113 argumenti
587 2030 651 2094 sibi
666 2029 791 2111 fingere
809 2028 996 2094 comoediae
1014 2028 1160 2094 eiusdem
1177 2031 1257 2095 anni
1273 2032 1450 2118 Dionysiis

270 2146 450 2223 docendam
476 2144 661 2210 differenda
684 2145 714 2208 ei
733 2143 798 2208 luit
814 2144 892 2209 talis
908 2144 1025 2209 fabula
1049 2142 1091 2208 ad
1109 2145 1343 2230 subsequentis
1361 2150 1440 2212 anni

268 2264 372 2328 festos
396 2261 475 2326 dies.

375 2377 465 2456 Quae
491 2397 564 2441 cum
589 2376 637 2440 ita
661 2376 737 2457 sint,
764 2374 921 2440 concedes
944 2374 1075 2441 levibus
1106 2377 1310 2457 argumentis
1341 2400 1438 2442 usum

268 2515 341 2559 esse
357 2493 520 2557 Haasium
544 2491 587 2556 ad
610 2490 815 2576 probandam
839 2512 935 2555 suam
963 2490 1176 2574 Muellerique
1205 2493 1437 2558 coniecturam.

268 2607 331 2673 Sed
355 2607 516 2673 nonnulla
540 2612 655 2672 contra
678 2628 752 2671 eam
776 2611 917 2691 possunt
940 2605 1090 2691 proferri:
1120 2607 1261 2691 primum
1286 2606 1438 2691 quodne

267 2746 354 2788 unus
379 2722 511 2807 quidem
535 2745 552 2787 e
576 2722 745 2787 veteribus
769 2722 848 2786 viris
873 2721 978 2787 doctis
1008 2743 1065 2807 pro
1080 2721 1206 2786 'iisdem
1229 2723 1292 2787 has
1309 2719 1437 2788 comoe-

267 2839 340 2904 dias
364 2840 522 2904 habuisse
546 2836 693 2919 videtur;
717 2838 855 2919 triginta
878 2838 942 2902 tria
959 2836 1179 2902 Adulatorum
1195 2842 1326 2903 restant
1347 2837 1436 2920 frag-

266 2960 390 3035 menta,
427 2953 579 3018 undecim
613 2953 811 3028 Amicorum,
851 2974 958 3036 neque
998 2974 1157 3036 umquam
1191 2953 1372 3018 laudantur
1406 2954 1436 3017 ἐν

266 3069 398 3151 Κόλαξιν
427 3069 447 3153 ἦ
479 3067 646 3157 Αὐτολύκῳ
685 3067 807 3156 πρώτῳ,
844 3069 873 3132 ἐν
908 3068 1012 3144 Φίλοις
1040 3065 1061 3152 ἦ
1096 3067 1264 3157 Αὐτολύκῳ
1300 3073 1435 3156 δευτέρῳ,

265 3186 381 3271 quales
400 3185 489 3250 tibull
506 3184 651 3270 duplices
668 3184 814 3269 alioquin
832 3185 1025 3269 saepissime
1042 3185 1267 3249 inveniuntur.
1310 3183 1435 3248 Deinde
1497 3168 1500 3172 ’

265 3300 513 3366 animadvertas
547 3299 645 3364 velim
679 3299 880 3385 Autolycum
911 3298 1056 3380 titulum,
1089 3321 1185 3385 quem
1216 3297 1433 3378 defendimus

266 3416 330 3498 legi
353 3417 387 3480 in
416 3414 598 3481 didascalia
622 3416 664 3480 ab
688 3415 862 3480 Athenaeo
886 3414 1030 3479 varod
1063 3420 1197 3480 servata
1222 3409 1361 3496 (Εὔπολις
1382 3408 1435 3479 τὸν

264 3530 440 3597 Αὐτόλυκον
470 3529 597 3608 διδάξας
626 3529 675 3595 διὰ
706 3528 949 3616 Δημοστράτου),
980 3552 1066 3614 quae
1094 3529 1184 3601 haud
1213 3529 1309 3594 aliter
1332 3532 1433 3614 atque

261 3647 348 3729 illae,
358 3668 443 3731 quae
452 3647 486 3711 in
495 3647 698 3729 argumentis
709 3645 951 3711 comoediarum
960 3646 1278 3732 Aristophanearum
1289 3642 1432 3710 traditae
1458 3726 1463 3732 ι

263 3766 351 3844 sunt,
388 3761 431 3827 ad
465 3761 654 3827 Aristotelis
690 3761 874 3826 doctrinam
908 3761 970 3825 has
1004 3783 1056 3826 res
1092 3760 1296 3846 complexam
1328 3758 1432 3824 redire

261 3877 402 3942 videtur.
450 3877 486 3941 ln
510 3899 584 3941 eam
607 3898 664 3963 pro
688 3877 830 3959 genuino
855 3875 953 3941 titulo
978 3875 1064 3942 Φιλοτ
1087 3876 1233 3962 spurium
1257 3873 1432 3950 Αὐτόλυκος

368 4089 400 4157 ²⁶)
420 4091 460 4142 De
479 4088 739 4142 Panathenaicorum
759 4094 878 4155 tempore
898 4105 921 4139 v.
940 4090 974 4140 A.
993 4088 1141 4142 Mommsen
1162 4089 1281 4141 Heortol.
1302 4104 1327 4155 p.
1348 4087 1407 4139 129.

368 4177 400 4246 ²²)
421 4179 461 4232 Cf.
481 4179 513 4232 E.
532 4176 627 4230 Rohde
647 4177 697 4229 Rh.
718 4177 785 4229 Illus.
811 4176 953 4228 XXXVIII
971 4178 1061 4244 (1883)
1080 4177 1129 4230 261
1151 4194 1211 4230 cum
1230 4176 1290 4229 adn.
1312 4177 1340 4242 23
1365 4175 1430 4242 262,

261 4271 374 4321 Aristot.
393 4268 450 4321 Pol.
470 4266 534 4319 Ath.
554 4283 576 4319 c.
596 4268 630 4319 56
650 4283 732 4318 unum
752 4283 784 4318 ex
804 4267 896 4332 primis
921 4265 1057 4320 archontis
1077 4266 1231 4318 muneribus
1255 4266 1338 4317 fuisse
1364 4263 1429 4315 dicit

260 4359 419 4410 electionem
438 4357 622 4422 choragorum.
