3136 5024
696 248 919 299 -44-“

104 502 106 510 Ι
204 425 276 511 155)
308 445 428 488 nomen
459 424 624 510 accepisse
656 423 727 490 dico
759 424 801 489 ab
834 445 871 490 eo
902 424 1003 490 huius
1034 424 1178 491 nominis
1200 425 1283 508 viro,
1317 427 1375 511 qui

198 561 228 604 a.
247 539 349 623 388st
363 539 399 626 36)
417 538 589 626 Olympiae
606 560 705 605 cursu
715 539 835 605 vicisse
848 539 1000 622 traditur,
1013 541 1049 626 87)
1062 540 1259 626 praesertim
1273 562 1374 628 quem

197 654 437 745 Atheniensem
469 654 573 721 fuisse
604 676 646 720 ne
663 690 664 694 =
680 657 806 720 certum
837 654 969 739 quidem
1000 655 1097 740 sit.⁸⁸)
1151 655 1216 721 Sed
1248 677 1326 745 cum
1355 678 1373 722 e

198 769 367 859 comoedia
397 769 480 836 nihil
510 770 655 856 supersit
677 770 742 836 nisi
773 791 842 836 una
863 770 985 837 vocula
1008 768 1113 847 πτόλις
1136 769 1256 852 (schol.
1273 771 1372 839 Hom.
1398 772 1401 778 ’

196 885 232 950 11.
250 886 303 968 23,
330 889 409 950 1=
431 885 470 952 ir.
488 887 531 949 44
555 885 640 974 Kc),
665 885 721 971 qui
745 885 784 951 de
808 886 907 952 titulo
927 886 1049 952 certius
1072 889 1184 972 potest
1206 885 1373 954 iudicari?

198 1000 327 1087 Sosippi
351 1001 494 1067 nominis
511 1001 643 1067 comicis
659 1001 849 1087 posterioris
865 1001 988 1067 aetatis
1004 1001 1159 1068 inusitati
1174 1000 1230 1067 illo
1247 1006 1372 1069 σταδιο-

197 1113 296 1204 δρόμῳ
308 1120 445 1203 excepto
457 1115 629 1183 duodecim
642 1116 794 1203 exempla
810 1117 949 1203 praebet
960 1116 1094 1182 Kirchn.
1111 1117 1140 1181 Π
1152 1118 1227 1183 292.
1240 1118 1308 1184 482
1322 1140 1370 1203 sq.

196 1270 241 1279 -
264 1232 312 1297 De
336 1231 474 1318 Sosippo
498 1236 598 1318 poeta
628 1232 751 1298 comico
783 1253 804 1297 a
826 1231 990 1298 Meinekio
1014 1232 1035 1297 l.
1052 1231 1074 1297 l.
1092 1231 1134 1298 ad
1157 1230 1371 1298 Anaxandri·

198 1345 248 1412 dis
272 1344 417 1412 titulum
433 1351 689 1413 commemorato
712 1368 846 1434 prorsus
869 1346 952 1412 nihil
975 1348 1138 1413 habemus
1166 1351 1371 1434 oompertum

197 1462 261 1527 nisi
284 1463 406 1528 Athen.
422 1462 468 1527 IV
493 1464 556 1527 133
579 1462 594 1527 i
617 1462 737 1549 Δίφιλος
751 1459 773 1548 ἤ
789 1461 957 1539 Σώσιππος
971 1463 1002 1528 ἐν
1013 1439 1228 1547 Ἀπολιπούὸῃ
1246 1461 1324 1547 (Κο.
1342 1463 1371 1527 ll

196 1578 283 1665 646),
308 1599 350 1643 ex
373 1598 438 1662 quo
469 1577 539 1643 loco
564 1578 593 1643 si
622 1577 701 1643 licet
731 1577 923 1643 concludere
954 1578 1128 1662 aequalem
1159 1596 1235 1672 curn
1264 1577 1370 1644 fuisse

196 1693 329 1779 Diphili,
354 1697 440 1760 certe
464 1692 569 1759 multo
593 1694 700 1759 minor
722 1693 788 1759 fuit
811 1696 895 1759 natu
918 1691 1164 1759 Anaxandride.

376 1913 593 1984 Nicostrati
622 1914 688 1984 vel
721 1913 938 1984 Philetaeri
959 1910 1210 1999 ἌντυλλοςἸ

303 2074 442 2162 Saepius
454 2074 613 2141 laudatur
624 2076 806 2141 Nicostrati
818 2075 873 2141 vel
883 2071 1242 2151 Philetaeri'Aocoilor
1258 2073 1368 2160 (Mein.
1457 2131 1463 2145 .

195 2189 227 2255 h.
246 2211 287 2255 cr.
305 2192 369 2254 347
387 2211 452 2275 sq.;
476 2191 537 2256 Ko.
554 2191 583 2255 Π
599 2192 664 2256 220
681 2192 752 2278 sq.)‚
778 2212 876 2275 quem
900 2189 1046 2272 titulum,
1064 2190 1143 2275 quia
1165 2210 1288 2255 nomen
1308 2210 1369 2255 nec

197 2304 331 2370 Graecis
355 2327 415 2371 nec
438 2305 568 2372 Latinis
591 2307 698 2392 poetis
722 2306 854 2371 comicis
884 2309 1002 2392 postea
1033 2305 1265 2387 adhibebatur,
1291 2304 1369 2370 huic

196 2420 295 2486 classi
319 2420 570 2486 attribuendum
587 2422 709 2487 censui.
745 2421 806 2486 Est
821 2417 995 2498 Ἄντυλλος
1016 2420 1125 2486 forma
1148 2413 1367 2502 deminutiva‚

197 2558 283 2627 quae
305 2541 455 2620 vocatur,
480 2559 501 2602 a
516 2536 613 2623 pleno
630 2534 945 2622 nominassent<
959 2536 1118 2617 ducta‚⁸⁹)
1143 2556 1208 2620 quo
1233 2535 1368 2601 nomine

195 2652 416 2718 Athenienses
447 2674 513 2719 non
544 2653 593 2718 ita
622 2674 696 2718 raro
728 2674 806 2718 usos
837 2674 909 2717 esse
941 2656 1136 2735 argumento
1166 2654 1255 2734 sunt,
1281 2671 1369 2736 quae

195 2767 359 2833 Kirchn.l
385 2770 426 2833 76
450 2790 498 2854 sq.
515 2768 544 2832 lI
566 2769 632 2832 444
657 2767 767 2850 affert,
786 2767 919 2851 uiginti
943 2771 1070 2853 septem
1094 2765 1254 2852 exempla.
1304 2764 1369 2831 Sed

196 2904 217 2947 a
241 2904 385 2968 quonam
409 2884 541 2949 homine
565 2883 683 2949 fabula
706 2881 847 2948 indicem
871 2883 1043 2968 acceperit,
1068 2903 1135 2947 non
1157 2881 1265 2964 magis
1290 2902 1369 2947 oon-

196 3002 266 3064 stat
296 3020 397 3084 quam
427 3000 462 3065 in
487 2998 664 3065 comoediis
694 2998 791 3064 modo
822 2999 985 3064 tractatis.
1034 2997 1115 3062 Cum
1146 2997 1204 3062 lite
1234 2994 1293 3061 illa
1316 2995 1370 3061 io-

194 3114 399 3196 mosissima,
439 3135 540 3198 quam
575 3114 747 3180 Timarcho
786 3113 901 3178 intulit
934 3112 1133 3190 Aeschines,
1169 3111 1370 3177 comicorum

194 3234 368 3316 poetarum
392 3229 503 3294 oculos
528 3235 563 3295 et
585 3228 629 3294 ad
651 3249 744 3294 reum
761 3233 795 3294 et
811 3227 854 3293 ad
871 3233 996 3294 ceteros
1012 3228 1163 3293 homines
1184 3227 1249 3292 hac
1264 3247 1370 3293 causa

194 3343 380 3430 implicatos
404 3366 581 3410 conversos
605 3366 678 3410 esse
701 3366 759 3429 per
782 3366 817 3409 se
841 3344 886 3410 sit
908 3342 1086 3409 verisimile
1103 3345 1137 3408 et
1154 3342 1252 3408 certis
1268 3363 1369 3426 argu-

194 3460 316 3525 mentis
334 3460 571 3546 comprobetur,
583 3462 621 3548 90)
639 3460 834 3542 cogitaverit
850 3459 993 3524 fortasse
1007 3458 1171 3544 quispiam
1184 3456 1224 3522 de
1236 3456 1369 3524 Antiole

301 3654 334 3721 ⁸⁶)
354 3655 564 3708 Anaxandrides
593 3672 664 3708 anno
689 3655 772 3725 377J6
797 3657 911 3723 primam
936 3670 1012 3706 suom
1038 3657 1066 3706 iu
1091 3655 1239 3707 certamine
1266 3655 1369 3708 comico

193 3745 332 3797 victoriam
353 3746 471 3812 peperit:
491 3745 587 3799 hlarm.
608 3746 668 3797 Par.
690 3744 874 3812 loxssop.
889 3745 949 3811 108,
975 3759 1089 3809 quocum
1116 3742 1240 3808 congruit
1266 3741 1370 3796 Suidos

194 3849 213 3885 s.
229 3850 268 3886 n:
282 3833 404 3900 γεγονώς
420 3866 425 3876 ·
443 3866 448 3875 ·
466 3831 634 3904 Ὀλυμπιάδι
654 3833 784 3905 ἑκαιοστῇ
804 3831 897 3905 πρώτῃ
914 3836 959 3898 (z
972 3833 1112 3895 376-73).
1144 3831 1185 3884 De
1199 3832 1369 3898 superiorum

194 3938 326 3974 annorum
345 3921 444 3974 fabulis
464 3922 680 3975 Anaxandrideis
699 3921 734 3978 cf.
748 3920 821 3974 iufra
840 3922 888 3973 sub
907 3923 950 3974 tit.
966 3921 1090 3972 Ἄντεια.

300 4009 334 4077 ⁸⁷)
354 4011 432 4064 Diod.
452 4011 516 4063 XIV
534 4013 600 4078 1073
622 4010 744 4064 African.
765 4027 807 4078 op.
828 4011 927 4062 Euscb.
947 4011 1025 4063 1206
1045 4010 1173 4063 Schoene.
1193 4007 1234 4061 ef.
1254 4009 1369 4062 Kirchu,

194 4116 213 4151 s.
228 4116 254 4151 n.
275 4101 309 4152 13
323 4100 382 4154 271.
1233 4157 1237 4166 ‚

300 4186 333 4255 ⁸⁸)
353 4187 474 4241 African.
496 4191 511 4241 l.
527 4190 543 4243 l.
558 4189 688 4256 Sdeippus
707 4188 855 4255 Delphicus
874 4219 909 4226 —
928 4184 1213 4253 ravennensium.

301 4276 332 4341 89)
351 4276 391 4332 Cf.
411 4279 493 4330 Mein.
509 4280 525 4329 l.
540 4279 570 4344 l.;
590 4277 781 4329 Fick·Bechtel
801 4278 925 4345 1127111).

301 4366 332 4430 90)
351 4365 391 4420 ef.
406 4383 474 4435 quae
495 4382 576 4433 supra
589 4370 625 4433 (p.
640 4367 674 4419 33
688 4369 755 4432 sqq.)
769 4364 802 4417 de
816 4365 943 4418 Timoclis
957 4364 1172 4417 Orestautoclide
1187 4368 1369 4432 exposuimus.
