3136 5024
711 597 860 690 VITA.

304 794 473 860 Theodoro
489 793 709 858 Breitenbach
722 791 833 857 Selma
845 791 949 856 Buser
965 791 1158 877 parentibus
1175 795 1276 872 natus
1292 815 1366 858 sum

198 912 408 976 Hermannus
432 908 622 991 Theodorus
646 907 877 990 Breitenbach‚
909 928 998 972 nunc
1027 907 1231 991 Basiliensis,
1262 908 1366 974 Nonis

198 1026 445 1113 Septembribus
477 1025 557 1090 anni
588 1025 674 1089 1883
697 1024 732 1087 in
755 1023 838 1105 vico,
871 1023 923 1087 cui
953 1043 1073 1088 nomen
1101 1027 1154 1088 est
1175 1023 1365 1106 Hagelloch,

197 1164 295 1229 prope
319 1142 506 1223 'lubingam
529 1120 644 1204 urbem
668 1140 743 1221 situ,
773 1139 830 1203 ubi
857 1140 951 1224 pater
975 1137 1132 1203 ecelesiae
1156 1139 1367 1221 evangelicae

197 1257 379 1322 ministerio
403 1256 614 1337 fungebatur.
662 1254 732 1334 Quo
762 1253 891 1319 duobus
922 1253 1019 1318 annis
1049 1257 1125 1339 post
1154 1258 1368 1340 praematura

198 1377 302 1439 morte
318 1372 413 1437 uxori
428 1371 605 1455 liberisque
622 1372 732 1455 erepto
749 1373 856 1434 mater
873 1390 947 1433 cum
964 1369 1033 1433 suis
1050 1369 1236 1452 Tubingam
1256 1374 1366 1436 trans-

197 1488 353 1571 migravit
376 1487 486 1571 ibique
510 1484 644 1550 inludo
668 1484 798 1571 publico
827 1484 939 1569 primis
970 1483 1163 1549 eruditionis
1195 1485 1366 1550 elementis

197 1604 379 1668 instructus
392 1602 603 1688 gymnasium
612 1600 876 1684 frequentabam.
905 1601 1180 1666 Annol9OIcum
1188 1600 1365 1684 Basileam

196 1718 231 1781 in
246 1718 388 1803 patriam
404 1717 531 1797 matris,
550 1714 748 1779 domicilium
765 1713 1030 1798 transferremus,
1047 1736 1104 1801 per
1121 1737 1223 1780 unum
1240 1738 1366 1781 annum
1437 1706 1441 1715 ’

197 1835 235 1896 ut
259 1833 424 1919 gymnasii
441 1829 634 1895 Basiliensis
659 1828 839 1914 discipulus
863 1850 980 1910 essem,
1000 1850 1191 1915 conoessum
1216 1835 1277 1896 est.
1312 1831 1365 1895 ln-

197 1950 355 2031 sequente
380 1967 467 2011 anno
492 1944 697 2010 maturitatis
721 1945 950 2009 testimonium
974 1943 1115 2030 adeptus
1139 1946 1173 2009 in
1190 1967 1366 2011 numerum

197 2063 318 2127 civium
335 2060 525 2126 academiae
537 2059 730 2124 Basilierrsis
748 2080 821 2123 sum
837 2062 988 2144 receptus
1008 2063 1109 2144 atque
1126 2059 1246 2125 studiis
1259 2061 1364 2146 philo-

196 2177 309 2260 logieis
333 2180 367 2242 et
389 2175 584 2258 germanicis
609 2174 756 2239 deditum
779 2175 813 2238 hi
838 2174 975 2239 docuere
999 2175 1060 2239 viri
1089 2174 1190 2240 docti:

303 2294 341 2356 A.
369 2291 626 2374 Baumgartner,
667 2289 703 2356 Ε.
731 2289 852 2372 Bothe,
893 2290 925 2355 O.
956 2288 1140 2371 CorneliuS,
1179 2291 1215 2354 Β.
1245 2291 1364 2373 Duhm,

197 2408 248 2474 Fr.
265 2407 404 2489 Heman,
430 2406 465 2472 Ε.
483 2405 822 2491 Hoffmann-Krayer,
848 2405 881 2470 b.
898 2404 979 2485 Joel,
1004 2407 1043 2470 A.
1057 2405 1188 2484 Koerte‚
1209 2405 1237 2470 J.
1256 2405 1364 2486 Meier,

197 2522 247 2587 rr.
265 2522 427 2604 Muenzer,
453 2521 485 2587 O.
502 2520 628 2602 Reinle,
653 2521 693 2586 H.
712 2520 869 2601 Schoene,
887 2521 921 2584 F.
937 2518 1094 2594 Summen
1112 2521 1147 2585 P.
1162 2520 1305 2636 Wernle.

303 2636 477 2701 Seminarii
508 2635 693 2721 philologici
728 2635 909 2699 rectoribus
945 2634 1037 2699 Erico
1073 2635 1195 2715 Bethe,
1232 2635 1365 2701 Alfredo

197 2752 327 2834 Koerte,
357 2750 519 2816 Friderico
543 2751 706 2832 Muenzer,
736 2748 942 2815 Fordinando
968 2750 1116 2815 Sommer
1139 2772 1195 2836 per
1220 2752 1365 2835 quinque

198 2868 371 2933 semestria
394 2867 443 2931 fui
465 2865 598 2931 sodalis,

302 2983 339 3047 ln
362 2982 537 3048 seminario
559 2981 744 3064 germanico
762 3003 818 3067 per
837 3003 896 3046 sex
916 2982 1089 3047 semestria
1104 2982 1244 3046 loannis
1256 2982 1366 3065 Meier,

197 3119 371 3183 perunum
388 3095 534 3162 Eduardi
550 3096 879 3182 Hoffmann-Krayer
896 3096 1069 3182 disciplina
1085 3097 1150 3161 frui
1167 3098 1247 3161 mihi
1264 3098 1365 3163 licuit.
1447 3144 1449 3149 -

298 3213 479 3278 ¹Praeterea
502 3211 545 3276 ad
569 3212 822 3277 exercitationes
851 3234 903 3276 me
928 3211 1134 3277 admiserunt
1157 3213 1208 3278 rr.
1226 3212 1366 3295 Heman,

198 3328 230 3393 O.
247 3327 329 3410 Joel,
354 3329 394 3393 H.
414 3328 570 3393 Schoene.

304 3443 464 3508 Omnibus
488 3444 764 3529 praeceptoribus,
790 3444 847 3528 qui
871 3449 905 3508 et
920 3444 954 3507 in
971 3443 1153 3529 gymnasiis
1176 3446 1209 3507 et
1232 3444 1265 3507 in
1290 3466 1366 3508 aca-

199 3557 307 3623 demia
319 3580 371 3622 me
388 3558 580 3640 docuerunt,
597 3580 754 3641 magnam
770 3559 877 3623 habeo
895 3559 1052 3641 gratiam;
1069 3558 1217 3643 inprimis
1235 3558 1367 3624 Allredo

197 3673 317 3738 Koerte
331 3675 364 3738 et
376 3673 565 3737 Hermanno
579 3672 727 3737 Schoene
736 3673 861 3754 gratias
875 3695 947 3755 ago,
962 3694 1100 3757 quorum
1114 3672 1167 3737 ille
1180 3675 1214 3738 in
1228 3675 1368 3739 comicos

197 3787 383 3870 inquirendi
407 3789 522 3852 auctor
552 3788 631 3851 mihi
655 3787 729 3870 fuit,
762 3792 900 3872 uterque
928 3789 962 3852 in
987 3787 1224 3853 conscribenda
1248 3787 1366 3853 disser-

197 3903 324 3967 tatione
349 3903 489 3984 bonigne
513 3924 564 3966 me
593 3901 731 3967 adiuvit.
