3136 5024
696 226 874 280 ,37-.

197 421 281 484 rum,
313 421 399 486 quae
423 401 721 488 ilhstemporibus
739 402 881 467 Athenis
903 402 1042 485 fiebant,
1071 401 1232 469 luxuriae.
1278 403 1385 483 Quae

199 515 429 602 interpretatio
464 516 715 582 commendatur
741 516 862 583 vocula
884 517 933 584 σαί
954 540 986 584 v.
1009 519 1044 582 2:
1080 507 1123 604 ἄρ’
1157 511 1368 605 αίσὶνα<σί>,1

199 625 270 716 ὁτιὴ
293 625 367 718 πρὸς
390 630 502 718 ἄνδρας
525 632 593 699 ἐστί
614 655 673 699 σοι
696 636 862 719 μαχητέον,
881 632 884 721 l
903 635 931 698 οἳ
944 628 987 699 τὰ
1010 630 1083 720 ξίφη
1106 637 1281 719 δειπνοῦμεν
1303 638 1370 700 κτλ.

198 746 290 812 Haec
324 748 428 813 verba
463 749 595 814 etiamsi
629 747 673 814 ad
708 770 812 814 unum
848 748 1014 834 quendam
1048 749 1287 815 Atheniensem
1316 749 1372 816 vel

199 861 362 928 Graecum
377 863 556 946 hominem,
580 862 728 946 legatum
752 863 806 929 vel
829 863 1070 950 imperatorem,
1091 863 1180 930 dicta
1198 867 1370 951 putantur,

200 983 314 1043 tamen
330 972 400 1064 ὑμῖν
413 984 584 1065 exspecto:
608 979 656 1044 σοί
670 979 862 1065 pronomine
878 980 1057 1066 principem
1080 979 1261 1063 significari
1283 980 1372 1046 arbi-

198 1098 276 1176 tror,
300 1116 379 1180 prae
395 1115 460 1180 quo
480 1095 596 1161 ceteris
620 1094 667 1160 nil
683 1099 735 1162 est
751 1095 962 1161 auctoritatis
979 1092 1031 1178 -'-,
1048 1094 1236 1182 Philippum
1250 1096 1369 1182 ipsum.

198 1208 359 1275 Videmus
383 1210 483 1293 igitur
499 1210 689 1276 coniectura
705 1209 857 1277 adhibita
875 1232 943 1276 non
958 1211 1057 1277 nimis
1074 1210 1193 1277 audaci
1208 1211 1370 1297 principes

198 1326 287 1406 viros
312 1305 488 1391 ciuitatum
518 1325 650 1392 illarum
681 1327 912 1412 pugnantium,
944 1347 1085 1411 quarum
1115 1326 1222 1392 altera
1250 1327 1370 1413 princi·

198 1445 316 1526 patum
340 1439 499 1507 Graeciae
523 1444 687 1524 tenuerat,
713 1441 819 1508 altera
843 1442 1032 1528 appetebat,
1063 1442 1164 1508 etiam
1188 1443 1222 1507 in
1246 1442 1371 1508 comica

197 1556 452 1622 Atheniensium
483 1578 607 1623 scaena
637 1557 855 1623 adversantes
886 1579 924 1624 eo
947 1557 1029 1644 ipso,
1061 1579 1125 1644 quo
1152 1558 1187 1623 in
1214 1559 1287 1623 vita
1310 1555 1369 1623 ad-

198 1672 437 1755 versabantur,
461 1676 619 1759 tempore.
634 1673 671 1760 ⁶⁷)
723 1672 810 1739 Nam
841 1672 921 1738 eir.
940 1675 959 1738 8
976 1673 1036 1738 Ko.
1062 1677 1193 1759 tempus
1222 1671 1369 1755 fabulae,

186 1787 232 1851 ni
255 1786 361 1871 fallor,
385 1786 463 1853 licet
486 1809 696 1871 cognoscere:
730 1788 900 1855 AthenX
923 1789 989 1854 418
1013 1788 1069 1855 bc
1096 1793 1136 1854 ut
1165 1787 1370 1854 demonstret
1437 1854 1442 1867 ρ

196 1902 387 1969 Pharsalios
417 1908 549 1990 propter
579 1904 771 1991 πολυφαγίαν
801 1903 925 1970 derisos
956 1926 1039 1987 esse,
1075 1907 1110 1969 et
1139 1903 1222 1969 ahos
1251 1925 1369 1969 versus

197 2018 299 2083 affert
321 2023 356 2084 et
378 2019 477 2085 hosce
501 2041 518 2085 e
541 2019 690 2106 Philippo
718 2019 965 2085 Mnesimachea
988 2019 1194 2105 desumptos:

893 2150 953 2218 τῶν
976 2152 1155 2239 Φαρσαλίων

358 2263 428 2352 ἥκει
449 2291 504 2348 τις,
527 2268 577 2334 ἵνα
599 2266 687 2347 <καί>
713 2262 769 2345 τὰς
790 2271 944 2355 τραπέζας
966 2265 1155 2355 καταφάγῃς

356 2422 400 2431 -
424 2380 520 2460 οὐδεὶς
542 2382 697 2470 πάρεστιν.
722 2422 765 2432 -
788 2373 820 2450 εὖ
836 2407 871 2468 γε
893 2382 1023 2470 δρῶντες
1040 2435 1046 2449 .
1063 2372 1125 2469 cipri
1148 2386 1204 2449 παν

357 2493 454 2584 ὀπτὴν
477 2482 690 2566 κατεσλίονσιν
714 2498 799 2566 πόλιν
818 2498 988 2586 Ἀχαικήνς

196 2630 357 2697 Ultimum
373 2653 508 2697 versum
524 2633 670 2699 scribens
686 2636 786 2719 poeta
801 2632 955 2698 videlicet
970 2633 1098 2699 factum
1114 2630 1249 2717 aliquod
1263 2630 1368 2697 Phar·
1425 2646 1427 2649 ’

199 2746 357 2813 saliorum
380 2748 415 2813 in
439 2748 550 2814 animo
574 2748 695 2814 habuit
717 2752 819 2834 atque
843 2748 931 2833 quod
946 2749 1008 2813 hoc
1023 2748 1132 2829 fuerit,
1150 2745 1369 2840 nondifficile

198 2869 250 2928 est
265 2862 446 2929 intellectu.
482 2864 519 2929 ln
537 2864 735 2948 actionibus
750 2885 835 2949 quae
851 2885 966 2951 pacem
979 2863 1221 2928 Philocrateam
1239 2861 1279 2942 (a.
1292 2861 1367 2947 346)

197 2979 285 3044 inter
307 2979 529 3045 Athenienses
554 2983 588 3046 et
604 2980 791 3067 Philippum
815 2980 941 3045 iactam
958 2980 1218 3059 antecesserunt,
1244 2982 1278 3042 et
1301 2977 1369 3041 alia

197 3097 293 3160 erant
317 3095 543 3181 componenda
567 3099 601 3161 et
624 3096 849 3162 controversia
876 3093 1040 3180 quaedam
1064 3093 1310 3159 Pharsaliorum
1335 3095 1369 3157 et

196 3208 379 3275 incolarum
402 3210 479 3275 Hali
503 3210 612 3298 oppidi
642 3211 822 3276 Phthiotici
852 3211 906 3276 vel
936 3210 1129 3296 Achaici,⁶⁸)
1157 3209 1236 3294 quia
1263 3205 1368 3293 ,inpio

198 3323 359 3410 Φάρσαλος
371 3324 461 3412 φίληα
478 3329 550 3392 erat
574 3330 646 3410 ,tob
663 3326 824 3411 Φιλίππου,
849 3320 869 3392 0‘
889 3326 922 3392 δὲ
936 3321 1082 3412 ‘'Alogm)
1094 3321 1365 3410 roo’Abtpcioo“

198 3438 316 3525 (Schol.
334 3441 427 3506 Dcm.
444 3441 520 3506 XIX
544 3441 608 3527 36).
655 3442 702 3508 uo
726 3445 883 3528 tempore,
900 3463 964 3527 quo
981 3440 1203 3506 Athenienses
1226 3438 1368 3524 primum

196 3554 325 3638 legatos
350 3555 389 3623 de
413 3577 494 3643 pace
511 3556 553 3622 ad
569 3578 679 3640 regem
696 3558 858 3623 miserunt
874 3557 978 3643 (initio
994 3557 1074 3622 anni
1090 3556 1176 3643 346),
1192 3554 1368 3623 Parmenio

304 3734 337 3802 οἳ)
356 3736 496 3803 Philippus
515 3751 564 3787 rex
583 3735 654 3802 apud
675 3736 858 3802 Antiphonem
881 3751 986 3801 quoque
1010 3733 1043 3786 fr.
1064 3733 1124 3801 124,
1144 3733 1177 3787 15
1196 3732 1304 3800 (140,ss
1322 3735 1367 3801 60)

196 3826 400 3878 commemorari
418 3824 531 3877 videtur.

304 3912 337 3981 ⁸⁸)
357 3913 398 3966 Cf.
417 3914 505 3966 Strab.
525 3914 564 3966 IX
582 3914 635 3968 433
654 3912 768 3986 ri‘hltos
787 3913 820 3966 δὲ
841 3913 967 3969 Φθιώτας
977 3913 1097 3964 καλεῖται
1115 3911 1162 3963 καὶ
1180 3910 1229 3983 [ἦ]
1241 3909 1368 3982 Ἀχαική,

196 4008 224 4054 et
250 4018 348 4055 novum
367 4003 558 4071 Aristophanis
583 4003 767 4069 fragmentum
793 4020 826 4056 cx
844 4005 972 4070 Anagyro
998 4010 1133 4054 servatum
1151 3999 1224 4069 apud
1243 4000 1367 4053 Photium

196 4090 342 4145 Reitzenst.
363 4092 423 4159 108,
443 4092 477 4144 15

463 4183 573 4251 χαίρειν
590 4180 646 4251 μὲν
658 4180 745 4233 Ἅλον
763 4181 810 4232 τὸν
831 4177 973 4251 Φθιώτην,

464 4272 573 4338 χαίρειν
592 4271 610 4320 d
614 4268 623 4288 '
641 4267 764 4338 ἀτεχνῶς
780 4268 1005 4338 Ἀναγυρασίους.

304 4356 338 4424 ⁶⁹)
358 4357 445 4411 Strab.
466 4361 482 4411 l.
503 4360 519 4412 l.
539 4357 652 4416 δ”Αλος
671 4358 688 4430 ἢ
708 4357 830 4431 ῆ“Ἀλος·
849 4359 956 4427 λέγεται
974 4358 1029 4428 γὰρ
1048 4354 1214 4428 ἀμφοτέρως.
