3136 5024
695 264 872 318 „57-

512 512 757 604 Antiphanls
784 518 1060 596 Λεπτινίσκος.

304 706 471 791 Sequatur
485 707 688 792 Antiphanis
705 706 913 793 Leptiniscus
931 705 1040 793 (Mein.
1056 706 1089 771 h.
1108 728 1150 773 cr.
1168 707 1248 789 3273
1264 705 1326 771 Ko.
1343 705 1371 770 ll

198 825 239 888 68
260 823 330 909 sq),
356 843 441 906 quae
464 821 582 887 fabula
605 822 707 888 semel
730 821 898 905 laudatur,
923 823 966 888 ab
983 822 1157 888 Athenaeo
1172 820 1250 887 XIV
1267 823 1329 886 641
1347 821 1370 903 f,

196 938 254 1003 ubi
271 959 345 1002 cum
362 958 510 1023 caupone
527 937 647 1023 aliquis
663 936 753 1022 loqui
769 935 911 1004 videtur.
946 937 1074 1003 Nomen
1090 937 1251 1022 Λεπτίνης,
1269 959 1290 1002 a
1307 957 1370 1022 quo

195 1051 278 1117 illud
302 1051 546 1118 deminutivum
570 1052 757 1119 derivatum
781 1057 843 1135 est,
872 1073 947 1118 cum
970 1073 1130 1139 personae
1162 1073 1183 1117 a
1211 1073 1247 1118 se
1270 1052 1371 1117 fictae

196 1189 304 1252 neque
322 1166 468 1233 Graecus
492 1189 599 1252 neque
613 1168 787 1234 Romanus
802 1171 903 1254 poeta
918 1189 1087 1255 umquam,
1111 1172 1275 1252 quantum
1293 1167 1370 1250 scio,

197 1282 332 1366 dederit,
349 1283 582 1369 Antiphaneae
595 1283 731 1349 fabulae
748 1283 867 1349 titulus
884 1282 927 1349 ad
944 1286 1069 1348 certum
1082 1283 1249 1349 hominem
1261 1285 1373 1369 potest

196 1399 354 1481 revocari,
379 1403 481 1483 atque
506 1404 688 1485 opportune
705 1398 835 1483 accidit,
856 1397 944 1484 quod
960 1399 1023 1464 hoc
1038 1399 1171 1464 nomine
1188 1399 1371 1468 Athenien-

197 1513 290 1579 sibus
314 1513 449 1579 minime
473 1515 719 1603 perusitat0134)
744 1513 948 1601 appellatum
972 1515 1080 1580 virum
1104 1535 1170 1579 non
1194 1513 1370 1596 ignobilem

196 1629 398 1716 Antiphanis
422 1633 535 1696 aetate
558 1629 663 1696 fuisse
688 1634 829 1712 constat,
854 1629 948 1694 illum
972 1629 1043 1696 dico
1064 1634 1237 1712 oratorem,
1248 1630 1298 1716 ¹³⁶)
1315 1629 1372 1713 qui

196 1744 302 1828 legem
337 1744 404 1831 περὶ
437 1743 496 1831 τῆς
530 1743 670 1823 ἀτελείας
704 1745 783 1811 tulit
817 1767 838 1811 a
872 1745 1096 1811 Demosthene
1131 1745 1279 1811 oratione
1310 1744 1372 1808 XX

197 1864 440 1946 oppugnatam,
471 1860 515 1926 ad
544 1861 633 1926 hunc
664 1860 867 1927 comoediam
900 1862 1002 1926 istam
1032 1861 1061 1925 si
1092 1861 1181 1945 quis‘
1202 1862 1370 1946 spectasse

197 1975 354 2056 affirmet,
378 1998 446 2042 non
470 1975 639 2061 obloquor,
665 1997 868 2061 quamquam
891 1975 982 2041 nullo
1003 1975 1067 2041 alio
1085 1979 1280 2058 argumento
1297 1997 1371 2061 pro-

196 2091 270 2157 bari
298 2095 411 2178 potest
439 2093 523 2158 haec
554 2092 674 2178 opinio,
706 2113 810 2157 unum
839 2091 1064 2174 fragmentum
1100 2090 1261 2156 dramatis
1297 2112 1387 2172 cum,

197 2211 369 2272 servatum
393 2208 437 2273 sit
455 2207 531 2294 (140
545 2207 618 2295 Ko.)
643 2211 746 2292 atque
762 2207 1003 2273 Demosthenes
1027 2207 1062 2271 in
1086 2207 1235 2272 oratione
1251 2228 1314 2271 sua
1331 2204 1370 2270 de

196 2322 270 2387 vita
292 2323 505 2407 moribusque
528 2324 671 2399 hominis
701 2345 743 2388 ne
774 2324 951 2408 quicquam
978 2323 1192 2388 inhonestum
1214 2321 1369 2408 proferat,

198 2437 371 2520 diligenter
394 2443 523 2504 caveat.
536 2439 594 2528 ¹³⁶),

304 2553 418 2638 Neque
442 2551 520 2619 vero
548 2554 655 2637 magis
685 2575 821 2640 possum
851 2575 1044 2640 repugnare,
1076 2553 1105 2618 si
1135 2557 1250 2619 contra
1281 2552 1371 2618 dicas

196 2668 423 2754 Antiphanem
435 2669 470 2733 in
482 2668 544 2735 hoc
557 2668 707 2734 dramate
715 2669 882 2734 hominem
896 2668 1062 2755 quendam
1074 2668 1229 2751 gracilem
1241 2666 1371 2755 (λεπτός)

197 2783 252 2849 vel
275 2784 386 2869 potius
410 2784 626 2867 gracillimum
651 2784 860 2871 (λεπτινίσκος)
884 2785 919 2848 in
942 2805 1099 2849 scaenam
1122 2784 1370 2870 immisisse.¹³⁷)

197 2900 359 2985 Persaepe
384 2900 472 2965 enim
496 2901 610 2966 comici
641 2922 658 2965 e
689 2900 750 2965 tali
780 2901 922 2986 eorporis
952 2898 1060 2965 forma
1087 2900 1248 2984 petebant
1270 2900 1369 2979 iocoS,

198 3036 262 3100 quo
286 3014 414 3079 factum
438 3019 499 3099 est,
524 3019 563 3080 ut
585 3016 781 3082 Athenaeus
804 3019 913 3081 totum
932 3015 1030 3099 quasi
1053 3014 1242 3097 catalogum
1265 3015 1372 3100 possit

197 3129 340 3216 proferre
363 3130 545 3196 hominum*
560 3131 695 3197 exilium
720 3131 790 3217 (ΧΗ
814 3133 876 3197 551
903 3152 924 3196 a
948 3131 1040 3217 sqq.).

305 3245 399 3326 Quod
415 3245 458 3312 ad
474 3252 607 3333 tempus
623 3248 747 3313 attinet
762 3246 908 3329 fabulae,
929 3247 1056 3312 circiter
1072 3268 1102 3311 a.
1121 3246 1186 3309 342
1202 3246 1236 3311 in
1253 3244 1371 3310 tabula

197 3360 312 3426 navah
334 3364 502 3427 mortuum
527 3363 774 3428 commemorari
797 3361 970 3448 Leptinem
999 3366 1162 3427 oratorem
1186 3361 1372 3426 meminerit

197 3496 332 3542 necesse
356 3481 417 3560 est,
442 3477 498 3561 qui
522 3477 565 3543 ad
588 3500 665 3543 eum
688 3477 807 3543 referre
831 3477 967 3544 titulum
991 3477 1082 3543 velit.
1095 3477 1145 3563 188)

308 3778 349 3845 ¹³¹)
369 3779 572 3832 Enumerantur
591 3779 731 3831 aKirchn.
752 3779 778 3830 ll
792 3796 816 3846 p.
830 3780 847 3832 8
861 3795 898 3844 sq.
919 3778 971 3832 411
990 3777 1116 3830 undecim
1136 3780 1280 3830 Λεπτίναι.

307 3866 348 3930 ¹³⁵)
366 3867 476 3920 Kirehn.
497 3885 517 3921 s.
531 3884 572 3920 nr.
592 3868 669 3921 9046.

308 3955 350 4020 136)
372 3957 412 4010 Cf.
432 3957 496 4027 §13
517 3956 596 4007 τὸδὲ
617 3957 662 4006 τοῦ
688 3959 785 4012 θέντος
809 3955 856 4006 τὸν
878 3953 966 4026 νόμον
992 3955 1022 4007 τὰ
1045 3956 1101 4025 μὲν
1127 3954 1190 4006 ἄλλα
1216 3954 1303 4021 ἔγωγε
1324 3951 1371 4004 οὐκ

198 4043 262 4096 olda
281 4042 348 4096 eddi
366 4047 435 4112 λέγω
454 4045 575 4112 φλαῦρον
593 4043 678 4096 οὐδὲν
696 4043 763 4096 οὐδὲ
782 4042 905 4097 σύνοιδα,
925 4045 959 4097 cl'.
980 4045 1012 4113 ἐξ
1026 4046 1068 4097 ld.
1089 4044 1147 4098 102.
1167 4043 1218 4096 142
1238 4059 1294 4110 sqq.
1311 4044 1370 4096 157.

197 4133 326 4186 Schaeler
344 4135 420 4186 Dem.
441 4132 466 4186 Ι2
478 4135 538 4187 411.

306 4221 350 4287 ¹³⁷)
370 4221 409 4276 ef.
430 4223 827 4290 BechtelSpitznamen(ad11.
847 4224 891 4286 19)
911 4240 936 4290 p.
955 4223 997 4275 15.
1023 4253 1059 4260 -
1083 4222 1212 4288 Leptines
1237 4220 1370 4274 formosus

198 4327 266 4377 puer
283 4313 308 4362 A
322 4311 342 4363 P
355 4311 408 4363 XII
421 4311 464 4365 93.

307 4397 350 4465 ¹³⁸)
368 4400 525 4453 1G11803
545 4402 632 4453 0103.
654 4401 712 4455 117.
751 4400 904 4453 Onomaclis
924 4400 1033 4452 heredis
1051 4400 1153 4452 mentio
1171 4398 1209 4454 fit.
