3136 5024
768 273 802 279 -
839 244 874 294 30
913 231 977 280 ..-¹

271 419 479 499 terrninavit3
497 418 555 484 sed
571 420 659 483 hunc
675 419 816 484 alterurn
833 419 1011 484 terminum
1024 423 1157 484 tanturn
1170 424 1301 506 propter
1314 425 1445 485 comoe-

272 533 360 600 diam
377 536 623 621 Aristophontis
641 535 771 616 statuit,
789 536 908 620 quippe
921 557 1019 620 quem
1036 539 1168 620 poetam
1186 534 1292 600 medio
1310 535 1445 602 saeculo

271 654 390 734 quarto
414 651 567 716 floruisse
591 655 734 736 putaret.
775 651 847 729 Qua
863 651 896 714 in
912 672 947 715 re
963 650 1125 730 Kockium
1142 651 1155 714 I
1173 653 1236 729 (2317
1254 671 1302 735 sq.
1324 651 1447 716 habuit

269 767 522 838 assentientem.
570 769 730 831 Attamen
754 787 820 831 non
844 765 1013 851 probabile
1038 766 1118 829 mihi
1141 766 1274 831 videtur
1297 766 1445 831 Philoni-

269 881 345 945 dem
370 903 475 966 usque
499 904 537 946 eo
561 883 595 946 in
619 882 691 946 vita
714 881 833 946 fuisse:
855 883 998 967 primum
1015 883 1103 946 enim
1120 903 1234 946 omnes
1250 881 1297 946 illi
1313 886 1444 967 poetae,

270 998 326 1080 qui
362 997 433 1062 eius
468 999 670 1068 mentionem
705 997 841 1077 hahent,
873 998 977 1082 priore
1012 997 1149 1062 fuerunt
1184 1002 1311 1062 aetate:
1347 985 1449 1063 erant¹

268 1111 427 1196 aequales
452 1113 684 1199 Aristophanis
712 1113 866 1196 quamvis
893 1113 1013 1198 partim
1037 1113 1247 1196 aliquantum
1273 1117 1357 1178 natu
1382 1114 1445 1177 mi-

269 1249 376 1310 nores,
408 1230 464 1312 qui
492 1228 586 1294 initio
622 1229 731 1312 quarti
768 1228 891 1293 saeculi
930 1228 1085 1293 videntur
1111 1228 1245 1294 fabulas
1281 1228 1443 1294 docuisse.

270 1343 467 1409 Nicochares
492 1343 606 1409 ecdem
634 1366 732 1425 anno,
765 1366 829 1428 quo
854 1331 1092 1429 Aristophanes
1116 1345 1262 1424 Plutum,
1293 1344 1444 1409 Lacones

269 1457 383 1523 docuit
400 1462 545 1541 (Argum.
563 1459 731 1545 IV·Pluti),
745 1459 920 1545 Philyllius
931 1460 964 1523 in
978 1459 1129 1542 catalogo
1142 1460 1305 1525 victorum
1321 1459 1444 1524 Lenai-

271 1596 381 1638 corum
407 1574 550 1639 secundo
567 1580 643 1661 post
658 1573 895 1663 N[icochare1n]
919 1574 990 1639 loco
1007 1576 1136 1661 positus
1161 1580 1212 1640 est
1229 1574 1284 1661 (IG
1298 1576 1328 1639 II
1344 1578 1408 1640 oli
1424 1575 1444 1640 d

268 1720 312 1771 ss
337 1689 437 1755 Wilh.
461 1690 537 1755 Urk
562 1713 592 1776 p.
619 1691 702 1778 123),
735 1696 813 1755 ante
844 1712 942 1774 quem
966 1691 1197 1776 Theopompus
1226 1691 1342 1775 quinto
1372 1691 1444 1757 loco

271 1805 322 1888 (cf.
333 1805 424 1870 Suid.
434 1830 458 1871 e.
469 1805 577 1872 Θῶνις
591 1805 656 1872 ἔστι
670 1859 675 1872 .
692 1858 697 1871 .
712 1810 770 1890 τῆς
782 1804 913 1891 ἀρχαίας
925 1806 1087 1895 κωμῳδίας
1099 1803 1181 1871 κατὰ
1193 1805 1444 1893 Ἀριστοφάνην),

270 1921 365 1986 Plato
390 1921 568 1986 nonnullas
592 1922 656 1986 iam
682 1923 798 2006 quinto
823 1922 955 1987 saeculo
981 1923 1111 2007 scripsit
1133 1921 1277 1987 fabulas.
1316 1922 1444 1987 Deinde

270 2058 326 2121 pro
352 2041 439 2102 certo
463 2043 543 2123 puto
569 2037 787 2103 demonstrari
811 2059 907 2123 posse
924 2036 1130 2102 Philonidem
1154 2059 1241 2102 anno
1261 2039 1331 2102 366
1355 2059 1444 2102 mor-

268 2158 366 2216 tuum
390 2152 509 2235 fuisse3
534 2158 606 2218 erat
633 2154 721 2218 enim
751 2158 845 2238 pater
869 2153 1030 2234 OnetorIS‚
1063 2132 1224 2218 adversus
1255 2174 1353 2237 quem
1378 2153 1444 2217 De-

272 2269 464 2333 mosthenes
489 2270 655 2334 orationes
679 2268 771 2332 XXX
795 2274 829 2333 et
851 2268 959 2333 XXXI
982 2269 1111 2350 habuit,
1136 2274 1170 2333 et
1194 2290 1285 2333 socer
1300 2269 1444 2354 Aphobi,

270 2383 391 2448 fatnrosi
421 2383 510 2448 illius
540 2384 774 2449 Demosthenis
805 2385 940 2467 tutoris;
976 2383 1156 2449 Philonidis
1184 2384 1265 2465 filia,
1290 2384 1445 2450 Onetoris

272 2519 371 2581 soror,
396 2499 473 2563 huic
493 2500 608 2585 nupsit
631 2496 681 2564 ἐπὶ
703 2499 878 2583 Πολυζήλου
901 2496 1048 2584 ἄρχοντος
1071 2497 1311 2585 Σκιροφοριῶνος
1340 2498 1446 2585 μηνός,

269 2614 291 2689 i.
321 2636 347 2678 e.
377 2636 490 2679 mense
514 2613 619 2679 ><lunio
643 2615 697 2680 vel
721 2615 876 2694 Quinctili
901 2599 980 2680 anni
1011 2617 1142 2701 ahod)
1179 2637 1267 2680 cum
1291 2617 1443 2680 matri·
1490 2616 1495 2623 '

271 2730 451 2794 ruonium
475 2731 652 2812 inirent,
673 2730 847 2796 Onetori
870 2730 999 2797 fratri
1024 2730 1095 2795 dos
1120 2735 1212 2795 erat
1235 2729 1445 2795 solvenda

271 2845 374 2928 (Dein.
391 2845 484 2910 XXX
507 2848 538 2911 4.
558 2849 586 2911 ἵ.
605 2847 673 2932 33);
698 2868 765 2937 qua
781 2868 822 2910 ex
838 2868 871 2911 re
888 2847 965 2911 licet
981 2845 1173 2911 concludere
1189 2851 1269 2911 tunc
1285 2847 1443 2931 ternpons

270 2967 398 3046 patrem
423 2964 464 3026 ex
487 2963 573 3027 vivis
604 2962 670 3026 iarn
700 2962 889 3027 decessisse.
902 2963 938 3048 ⁵³)
985 2963 1068 3045 Ergo
1092 2962 1339 3047 Aristophontis
1363 2961 1443 3025 Phi-

270 3076 423 3159 lonidem,
449 3077 513 3141 nisi
536 3078 621 3142 forte
646 3079 688 3144 ab
706 3077 771 3142 alio
788 3079 887 3142 huius
904 3079 1046 3142 nominis
1063 3078 1132 3142 viro
1152 3077 1288 3142 tItulurn
1304 3077 1442 3162 accepit,

267 3196 369 3257 ante
394 3214 424 3258 a.
443 3194 521 3257 366
546 3192 676 3258 doctam
709 3215 880 3259 sumamus
911 3215 1045 3258 necesse
1077 3199 1142 3273 est3
1174 3194 1226 3257 cui
1253 3193 1443 3257 sententiae

271 3307 317 3372 nil
340 3309 374 3372 in
397 3308 594 3391 fragmentis
617 3314 745 3394 poetae,
764 3313 925 3400 quantum
944 3309 1050 3391 video,
1068 3312 1245 3395 repuguat3
1270 3313 1371 3393 atque
1396 3308 1444 3372 nil

195 3488 198 3495 ,
271 3422 417 3510 impedit,
442 3425 619 3508 quominus
643 3425 677 3488 in
701 3425 814 3510 primis
838 3429 956 3510 poetae
972 3424 1096 3489 fabulis
1113 3425 1213 3489 istam
1229 3424 1334 3488 fuisse
1351 3418 1443 3488 coni-

267 3540 406 3603 ciamus.
454 3539 490 3603 Id
514 3540 646 3623 quidem
663 3562 700 3605 eo
719 3539 976 3621 commendatur,
998 3539 1085 3624 quod
1102 3541 1207 3625 prima
1222 3539 1442 3625 Aristophon-

269 3656 314 3720 tis
338 3655 477 3719 victoria
493 3655 637 3721 Lenaica
654 3655 785 3721 demum
802 3657 836 3720 in
853 3678 978 3720 annum
994 3655 1061 3720 fere
1079 3657 1144 3720 350
1161 3653 1259 3736 cudit,
1276 3660 1441 3738 quantuni

377 3928 410 3998 52)
429 3931 505 3983 Dcm.
526 3931 603 3982 XXX
623 3932 668 3998 153
688 3930 722 3983 cf.
742 3932 846 3983 XXVII
865 3933 912 3998 563
932 3932 1022 3983 XXIX
1041 3933 1083 3985 la.
1115 3932 1266 3982 Divortium
1285 3930 1442 3983 factumest

265 4018 315 4072 ἰαὶ
335 4017 515 4090 Τιμοκράτους
527 4020 701 4077 Ποσειδῶνος
719 4018 816 4090 μηνός,
837 4023 852 4072 i.
867 4037 887 4071 e.
908 4037 998 4073 mense
1012 4020 1153 4072 Decembri
1173 4021 1214 4071 vel
1227 4019 1357 4072 Ianuario
1376 4021 1441 4072 cuni

269 4110 359 4175 36l'3,
379 4110 455 4161 Dcm.
476 4110 553 4160 XXX
573 4111 614 4162 15.

378 4197 410 4263 ⁵³)
434 4199 540 4250 Patrem
564 4201 720 4266 opulentum
742 4197 824 4250 fuisse
843 4198 886 4254 (cl,
902 4200 983 4250 Arist.
1001 4199 1071 4250 Plut.
1087 4199 1137 4252 179
1150 4195 1197 4265 ἐρᾷ
1217 4195 1248 4246 dl-
1263 4195 1336 4252 Λαὶς
1349 4193 1381 4246 or'
1395 4195 1444 4246 διὰ

265 4287 300 4336 7σὲ
328 4288 372 4354 [se.
400 4286 444 4337 τὸν
466 4287 598 4356 Πλοῦτον]
625 4287 804 4353 (hrictrudem)
829 4286 877 4338 filii
901 4286 1009 4339 divitiae
1035 4286 1203 4352 confirmant,
1228 4301 1306 4352 quern
1329 4287 1441 4351 triginta

268 4377 372 4427 talentu
392 4377 515 4429 hahuisse
533 4377 609 4428 Dem.
629 4377 707 4428 XXX
726 4377 760 4429 lo
778 4383 873 4428 auctor
891 4384 939 4429 est.
