<?xml version="1.0" encoding="UTF-8"?>
<!DOCTYPE html PUBLIC "-//W3C//DTD XHTML 1.0 Transitional//EN"
    "http://www.w3.org/TR/xhtml1/DTD/xhtml1-transitional.dtd">
<html xmlns="http://www.w3.org/1999/xhtml" xml:lang="en" lang="en">
 <head>
  <title>
</title>
<meta http-equiv="Content-Type" content="text/html;charset=utf-8" />
  <meta name='ocr-system' content='tesseract 3.04.00' />
  <meta name='ocr-capabilities' content='ocr_page ocr_carea ocr_par ocr_line ocrx_word'/>
</head>
<body>
  <div class='ocr_page' id='page_1' title='image "./degenerequodamt00breigoog_0064.png"; bbox 0 0 3136 5024; ppageno 0'>
   <div class='ocr_carea' id='block_1_1' title="bbox 696 277 874 330">
    <p class='ocr_par' dir='ltr' id='par_1_1' title="bbox 696 277 874 330">
     <span class='ocr_line' id='line_1_1' title="bbox 696 277 874 330; baseline 0 -15"><span class='ocrx_word' id='word_1_1' title='bbox 696 277 874 330; x_wconf 74' lang='lat'>..53-</span> 
     </span>
    </p>
   </div>
   <div class='ocr_carea' id='block_1_2' title="bbox 575 460 1010 557">
    <p class='ocr_par' dir='ltr' id='par_1_2' title="bbox 575 460 1010 557">
     <span class='ocr_line' id='line_1_2' title="bbox 575 460 1010 557; baseline -0.009 -27"><span class='ocrx_word' id='word_1_2' title='bbox 575 461 820 548; x_wconf 84' lang='lat' dir='ltr'>Antiphanis</span> <span class='ocrx_word' id='word_1_3' title='bbox 848 460 1010 557; x_wconf 42' lang='lat' dir='ltr'>Adaei„</span> 
     </span>
    </p>
   </div>
   <div class='ocr_carea' id='block_1_3' title="bbox 193 612 1421 2549">
    <p class='ocr_par' dir='ltr' id='par_1_3' title="bbox 193 612 1421 2549">
     <span class='ocr_line' id='line_1_3' title="bbox 305 612 1421 701; baseline 0.001 -23"><span class='ocrx_word' id='word_1_4' title='bbox 305 614 414 679; x_wconf 90' lang='lat' dir='ltr'>Aliam</span> <span class='ocrx_word' id='word_1_5' title='bbox 445 613 530 679; x_wconf 88' lang='lat' dir='ltr'>addo</span> <span class='ocrx_word' id='word_1_6' title='bbox 554 615 802 701; x_wconf 87' lang='lat' dir='ltr'>Antiphaneam</span> <span class='ocrx_word' id='word_1_7' title='bbox 831 613 992 697; x_wconf 84' lang='lat' dir='ltr'>fabulam,</span> <span class='ocrx_word' id='word_1_8' title='bbox 1021 613 1188 700; x_wconf 81' lang='lat' dir='ltr'>Lyconem</span> <span class='ocrx_word' id='word_1_9' title='bbox 1213 612 1322 699; x_wconf 89' lang='lat' dir='ltr'>(Mein.</span> <span class='ocrx_word' id='word_1_10' title='bbox 1341 613 1374 679; x_wconf 91' lang='lat' dir='ltr'>h.</span> <span class='ocrx_word' id='word_1_11' title='bbox 1415 619 1421 630; x_wconf 81' lang='grc'><strong><em>’</em></strong></span> 
     </span>
     <span class='ocr_line' id='line_1_4' title="bbox 200 727 1376 818; baseline -0.002 -24"><span class='ocrx_word' id='word_1_12' title='bbox 200 752 241 794; x_wconf 77' lang='lat' dir='ltr'>cn</span> <span class='ocrx_word' id='word_1_13' title='bbox 260 727 323 794; x_wconf 77' lang='lat'>327</span> <span class='ocrx_word' id='word_1_14' title='bbox 333 753 339 813; x_wconf 89' lang='grc'>,</span> <span class='ocrx_word' id='word_1_15' title='bbox 363 729 423 796; x_wconf 87' lang='grc' dir='ltr'>Κο·.</span> <span class='ocrx_word' id='word_1_16' title='bbox 441 730 469 794; x_wconf 91' lang='grc' dir='ltr'>ΙΙ</span> <span class='ocrx_word' id='word_1_17' title='bbox 488 732 550 818; x_wconf 96' lang='grc'>71),</span> <span class='ocrx_word' id='word_1_18' title='bbox 567 751 668 814; x_wconf 90' lang='lat' dir='ltr'>quam</span> <span class='ocrx_word' id='word_1_19' title='bbox 684 728 868 795; x_wconf 88' lang='lat' dir='ltr'>Meinekius</span> <span class='ocrx_word' id='word_1_20' title='bbox 885 728 928 795; x_wconf 87' lang='lat' dir='ltr'>ad</span> <span class='ocrx_word' id='word_1_21' title='bbox 945 729 1184 816; x_wconf 84' lang='lat' dir='ltr'>Scarphensem</span> <span class='ocrx_word' id='word_1_22' title='bbox 1200 728 1376 794; x_wconf 89' lang='lat' dir='ltr'>celeberri-</span> 
     </span>
     <span class='ocr_line' id='line_1_5' title="bbox 193 836 1376 932; baseline -0.002 -22"><span class='ocrx_word' id='word_1_23' title='bbox 193 867 290 910; x_wconf 89' lang='lat' dir='ltr'>mum</span> <span class='ocrx_word' id='word_1_24' title='bbox 313 846 508 911; x_wconf 76' lang='lat' dir='ltr'><strong>histrionem</strong></span> <span class='ocrx_word' id='word_1_25' title='bbox 524 845 571 911; x_wconf 89' lang='lat' dir='ltr'>sio</span> <span class='ocrx_word' id='word_1_26' title='bbox 586 847 796 911; x_wconf 87' lang='lat' dir='ltr'>nominatum</span> <span class='ocrx_word' id='word_1_27' title='bbox 812 836 974 932; x_wconf 87' lang='lat' dir='ltr'>pertinere</span> <span class='ocrx_word' id='word_1_28' title='bbox 992 846 1148 932; x_wconf 76' lang='lat' dir='ltr'>opinatus</span> <span class='ocrx_word' id='word_1_29' title='bbox 1164 847 1226 927; x_wconf 76' lang='lat' dir='ltr'>est,</span> <span class='ocrx_word' id='word_1_30' title='bbox 1255 865 1376 929; x_wconf 86' lang='lat' dir='ltr'>„quem</span> 
     </span>
     <span class='ocr_line' id='line_1_6' title="bbox 199 938 1376 1047; baseline -0.001 -22"><span class='ocrx_word' id='word_1_31' title='bbox 199 959 436 1045; x_wconf 83' lang='lat' dir='ltr'>aliquandoin</span> <span class='ocrx_word' id='word_1_32' title='bbox 461 960 763 1047; x_wconf 83' lang='lat' dir='ltr'>comoedia,·quam</span> <span class='ocrx_word' id='word_1_33' title='bbox 789 938 963 1044; x_wconf 82' lang='lat' dir='ltr'>actitabat,</span> <span class='ocrx_word' id='word_1_34' title='bbox 987 982 1132 1043; x_wconf 78' lang='lat' dir='ltr'>versum,</span> <span class='ocrx_word' id='word_1_35' title='bbox 1161 982 1225 1045; x_wconf 92' lang='lat' dir='ltr'>quo</span> <span class='ocrx_word' id='word_1_36' title='bbox 1249 981 1376 1024; x_wconf 90' lang='lat' dir='ltr'>munus</span> 
     </span>
     <span class='ocr_line' id='line_1_7' title="bbox 199 1075 1377 1163; baseline 0 -23"><span class='ocrx_word' id='word_1_37' title='bbox 199 1077 250 1141; x_wconf 87' lang='lat' dir='ltr'>ah</span> <span class='ocrx_word' id='word_1_38' title='bbox 277 1075 465 1141; x_wconf 85' lang='lat' dir='ltr'>Alexandro</span> <span class='ocrx_word' id='word_1_39' title='bbox 500 1098 620 1159; x_wconf 85' lang='lat' dir='ltr'>magno</span> <span class='ocrx_word' id='word_1_40' title='bbox 655 1082 792 1163; x_wconf 83' lang='lat' dir='ltr'>peteret,</span> <span class='ocrx_word' id='word_1_41' title='bbox 824 1077 1002 1142; x_wconf 91' lang='lat' dir='ltr'>inseruisse</span> <span class='ocrx_word' id='word_1_42' title='bbox 1034 1075 1154 1143; x_wconf 80' lang='lat' dir='ltr'>tradit</span> <span class='ocrx_word' id='word_1_43' title='bbox 1172 1075 1377 1141; x_wconf 75' lang='lat' dir='ltr'>Plutarchus</span> 
     </span>
     <span class='ocr_line' id='line_1_8' title="bbox 198 1184 1376 1284; baseline -0.002 -26"><span class='ocrx_word' id='word_1_44' title='bbox 198 1193 278 1258; x_wconf 93' lang='lat' dir='ltr'>Mor.</span> <span class='ocrx_word' id='word_1_45' title='bbox 295 1214 325 1278; x_wconf 91' lang='lat' dir='ltr'>p.</span> <span class='ocrx_word' id='word_1_46' title='bbox 344 1192 409 1255; x_wconf 91' lang='grc'>334</span> <span class='ocrx_word' id='word_1_47' title='bbox 432 1191 474 1258; x_wconf 85' lang='lat' dir='ltr'>f.“</span> <span class='ocrx_word' id='word_1_48' title='bbox 524 1191 674 1284; x_wconf 80' lang='lat' dir='ltr'>Eundem</span> <span class='ocrx_word' id='word_1_49' title='bbox 698 1193 800 1258; x_wconf 92' lang='lat' dir='ltr'>etiarn</span> <span class='ocrx_word' id='word_1_50' title='bbox 820 1184 1025 1278; x_wconf 88' lang='lat' dir='ltr'>Antiphanis</span> <span class='ocrx_word' id='word_1_51' title='bbox 1048 1197 1198 1278; x_wconf 89' lang='lat' dir='ltr'>tempora</span> <span class='ocrx_word' id='word_1_52' title='bbox 1219 1191 1376 1274; x_wconf 76' lang='lat' dir='ltr'>attigisse</span> 
     </span>
     <span class='ocr_line' id='line_1_9' title="bbox 194 1306 1376 1397; baseline -0.002 -25"><span class='ocrx_word' id='word_1_53' title='bbox 194 1329 240 1389; x_wconf 44' lang='lat' dir='ltr'>,ex</span> <span class='ocrx_word' id='word_1_54' title='bbox 267 1306 453 1390; x_wconf 85' lang='lat' dir='ltr'>fragmento</span> <span class='ocrx_word' id='word_1_55' title='bbox 485 1306 641 1397; x_wconf 80' lang='lat' dir='ltr'>discimus</span> <span class='ocrx_word' id='word_1_56' title='bbox 672 1307 815 1390; x_wconf 85' lang='lat' dir='ltr'>catalogi</span> <span class='ocrx_word' id='word_1_57' title='bbox 845 1309 1009 1373; x_wconf 88' lang='lat' dir='ltr'>victorum</span> <span class='ocrx_word' id='word_1_58' title='bbox 1039 1307 1239 1372; x_wconf 85' lang='lat' dir='ltr'>histrionum</span> <span class='ocrx_word' id='word_1_59' title='bbox 1271 1307 1376 1371; x_wconf 89' lang='lat' dir='ltr'>comi-</span> 
     </span>
     <span class='ocr_line' id='line_1_10' title="bbox 199 1421 1376 1509; baseline -0.001 -21"><span class='ocrx_word' id='word_1_60' title='bbox 199 1444 310 1488; x_wconf 86' lang='lat' dir='ltr'>corum</span> <span class='ocrx_word' id='word_1_61' title='bbox 334 1421 513 1488; x_wconf 80' lang='grc'>1077977</span> <span class='ocrx_word' id='word_1_62' title='bbox 530 1445 551 1509; x_wconf 94' lang='lat' dir='ltr'>p</span> <span class='ocrx_word' id='word_1_63' title='bbox 567 1453 610 1480; x_wconf 94' lang='lat'><strong><em>=</em></strong></span> <span class='ocrx_word' id='word_1_64' title='bbox 628 1422 725 1488; x_wconf 88' lang='lat' dir='ltr'>Wilh.</span> <span class='ocrx_word' id='word_1_65' title='bbox 743 1421 821 1487; x_wconf 88' lang='lat' dir='ltr'>Urk.</span> <span class='ocrx_word' id='word_1_66' title='bbox 838 1445 868 1509; x_wconf 88' lang='lat' dir='ltr'>p.</span> <span class='ocrx_word' id='word_1_67' title='bbox 889 1424 952 1489; x_wconf 78' lang='grc'>130</span> <span class='ocrx_word' id='word_1_68' title='bbox 976 1422 1032 1509; x_wconf 83' lang='lat' dir='ltr'>(x),</span> <span class='ocrx_word' id='word_1_69' title='bbox 1056 1423 1114 1488; x_wconf 92' lang='lat' dir='ltr'>ubi</span> <span class='ocrx_word' id='word_1_70' title='bbox 1130 1423 1376 1488; x_wconf 81' lang='lat' dir='ltr'>Parmenonem</span> 
     </span>
     <span class='ocr_line' id='line_1_11' title="bbox 198 1537 1377 1624; baseline 0 -22"><span class='ocrx_word' id='word_1_71' title='bbox 198 1538 286 1604; x_wconf 92' lang='lat' dir='ltr'>inter</span> <span class='ocrx_word' id='word_1_72' title='bbox 308 1542 342 1604; x_wconf 91' lang='lat' dir='ltr'>et</span> <span class='ocrx_word' id='word_1_73' title='bbox 364 1538 606 1621; x_wconf 86' lang='lat' dir='ltr'>Nausieratem,</span> <span class='ocrx_word' id='word_1_74' title='bbox 624 1559 763 1624; x_wconf 92' lang='lat' dir='ltr'>quorum</span> <span class='ocrx_word' id='word_1_75' title='bbox 779 1545 918 1623; x_wconf 87' lang='lat' dir='ltr'>uterque</span> <span class='ocrx_word' id='word_1_76' title='bbox 934 1539 969 1603; x_wconf 91' lang='lat' dir='ltr'>in</span> <span class='ocrx_word' id='word_1_77' title='bbox 986 1538 1181 1604; x_wconf 82' lang='lat' dir='ltr'>Timarchea</span> <span class='ocrx_word' id='word_1_78' title='bbox 1196 1537 1377 1602; x_wconf 79' lang='lat' dir='ltr'>Aeschinis</span> 
     </span>
     <span class='ocr_line' id='line_1_12' title="bbox 199 1638 1376 1742; baseline -0.001 -24"><span class='ocrx_word' id='word_1_79' title='bbox 199 1657 474 1719; x_wconf 89' lang='lat' dir='ltr'>commemoratur</span> <span class='ocrx_word' id='word_1_80' title='bbox 497 1652 554 1740; x_wconf 56' lang='grc' dir='ltr'>(ἐξ</span> <span class='ocrx_word' id='word_1_81' title='bbox 578 1638 889 1742; x_wconf 65' lang='lat'>98.1&#39;00.157)‚¹⁸⁹)</span> <span class='ocrx_word' id='word_1_82' title='bbox 913 1653 1057 1740; x_wconf 86' lang='lat' dir='ltr'>Lyconis</span> <span class='ocrx_word' id='word_1_83' title='bbox 1087 1673 1208 1718; x_wconf 89' lang='lat' dir='ltr'>nomen</span> <span class='ocrx_word' id='word_1_84' title='bbox 1235 1653 1376 1736; x_wconf 77' lang='lat' dir='ltr'>le&#39;gitur3</span> 
     </span>
     <span class='ocr_line' id='line_1_13' title="bbox 197 1767 1376 1856; baseline 0.001 -22"><span class='ocrx_word' id='word_1_85' title='bbox 197 1770 354 1835; x_wconf 86' lang='lat' dir='ltr'>victorias</span> <span class='ocrx_word' id='word_1_86' title='bbox 384 1769 459 1835; x_wconf 91' lang='lat' dir='ltr'>illas</span> <span class='ocrx_word' id='word_1_87' title='bbox 489 1770 524 1834; x_wconf 91' lang='lat' dir='ltr'>in</span> <span class='ocrx_word' id='word_1_88' title='bbox 554 1768 712 1835; x_wconf 86' lang='lat' dir='ltr'>laterculo</span> <span class='ocrx_word' id='word_1_89' title='bbox 744 1768 920 1856; x_wconf 89' lang='lat' dir='ltr'>inscriptas</span> <span class='ocrx_word' id='word_1_90' title='bbox 951 1768 994 1834; x_wconf 91' lang='lat' dir='ltr'>ad</span> <span class='ocrx_word' id='word_1_91' title='bbox 1024 1768 1169 1834; x_wconf 89' lang='lat' dir='ltr'>medium</span> <span class='ocrx_word' id='word_1_92' title='bbox 1200 1767 1376 1839; x_wconf 87' lang='lat' dir='ltr'>saeculum</span> 
     </span>
     <span class='ocr_line' id='line_1_14' title="bbox 199 1877 1377 1972; baseline -0.002 -22"><span class='ocrx_word' id='word_1_93' title='bbox 199 1877 355 1970; x_wconf 90' lang='lat' dir='ltr'>quartum</span> <span class='ocrx_word' id='word_1_94' title='bbox 384 1885 440 1950; x_wconf 91' lang='lat' dir='ltr'>vel</span> <span class='ocrx_word' id='word_1_95' title='bbox 469 1883 665 1950; x_wconf 90' lang='lat' dir='ltr'>decennium</span> <span class='ocrx_word' id='word_1_96' title='bbox 694 1886 880 1972; x_wconf 82' lang='lat' dir='ltr'>proximum</span> <span class='ocrx_word' id='word_1_97' title='bbox 911 1906 1053 1971; x_wconf 89' lang='lat' dir='ltr'>sequens</span> <span class='ocrx_word' id='word_1_98' title='bbox 1088 1884 1250 1970; x_wconf 85' lang='lat' dir='ltr'>pertinere</span> <span class='ocrx_word' id='word_1_99' title='bbox 1288 1883 1377 1949; x_wconf 91' lang='lat' dir='ltr'>Wil-</span> 
     </span>
     <span class='ocr_line' id='line_1_15' title="bbox 198 1995 1377 2066; baseline -0.001 -1"><span class='ocrx_word' id='word_1_100' title='bbox 198 1995 339 2065; x_wconf 85' lang='lat' dir='ltr'>helmius</span> <span class='ocrx_word' id='word_1_101' title='bbox 363 2000 608 2066; x_wconf 90' lang='lat' dir='ltr'>demonstravit</span> <span class='ocrx_word' id='word_1_102' title='bbox 630 2001 651 2066; x_wconf 93' lang='lat' dir='ltr'>l.</span> <span class='ocrx_word' id='word_1_103' title='bbox 668 2000 689 2066; x_wconf 93' lang='lat' dir='ltr'>l.</span> <span class='ocrx_word' id='word_1_104' title='bbox 723 1999 787 2066; x_wconf 84' lang='lat' dir='ltr'>Sed</span> <span class='ocrx_word' id='word_1_105' title='bbox 805 2022 872 2066; x_wconf 94' lang='lat' dir='ltr'>non</span> <span class='ocrx_word' id='word_1_106' title='bbox 888 1999 985 2066; x_wconf 89' lang='lat' dir='ltr'>facile</span> <span class='ocrx_word' id='word_1_107' title='bbox 1003 1998 1193 2065; x_wconf 87' lang='lat' dir='ltr'>crediderim</span> <span class='ocrx_word' id='word_1_108' title='bbox 1210 2000 1377 2065; x_wconf 88' lang='lat' dir='ltr'>comicum</span> 
     </span>
     <span class='ocr_line' id='line_1_16' title="bbox 197 2113 1377 2204; baseline -0.001 -23"><span class='ocrx_word' id='word_1_109' title='bbox 197 2116 391 2182; x_wconf 86' lang='lat' dir='ltr'>histrionem</span> <span class='ocrx_word' id='word_1_110' title='bbox 403 2116 453 2204; x_wconf 77' lang='grc'>140)</span> <span class='ocrx_word' id='word_1_111' title='bbox 478 2138 498 2182; x_wconf 95' lang='lat' dir='ltr'>a</span> <span class='ocrx_word' id='word_1_112' title='bbox 521 2119 621 2202; x_wconf 89' lang='lat' dir='ltr'>poeta</span> <span class='ocrx_word' id='word_1_113' title='bbox 637 2117 760 2182; x_wconf 91' lang='lat' dir='ltr'>comico</span> <span class='ocrx_word' id='word_1_114' title='bbox 776 2116 811 2181; x_wconf 92' lang='lat' dir='ltr'>in</span> <span class='ocrx_word' id='word_1_115' title='bbox 827 2117 986 2182; x_wconf 85' lang='lat' dir='ltr'>comicam</span> <span class='ocrx_word' id='word_1_116' title='bbox 1002 2136 1158 2181; x_wconf 88' lang='lat' dir='ltr'>scaenam</span> <span class='ocrx_word' id='word_1_117' title='bbox 1174 2113 1377 2200; x_wconf 89' lang='lat' dir='ltr'>productum</span> 
     </span>
     <span class='ocr_line' id='line_1_17' title="bbox 198 2228 1378 2317; baseline -0.001 -20"><span class='ocrx_word' id='word_1_118' title='bbox 198 2253 271 2297; x_wconf 90' lang='lat' dir='ltr'>esse</span> <span class='ocrx_word' id='word_1_119' title='bbox 295 2233 396 2316; x_wconf 88' lang='lat' dir='ltr'>atque</span> <span class='ocrx_word' id='word_1_120' title='bbox 419 2232 560 2297; x_wconf 89' lang='lat' dir='ltr'>irrisum.</span> <span class='ocrx_word' id='word_1_121' title='bbox 608 2232 724 2317; x_wconf 88' lang='lat' dir='ltr'>Itaque</span> <span class='ocrx_word' id='word_1_122' title='bbox 748 2232 828 2316; x_wconf 85' lang='lat' dir='ltr'>quia</span> <span class='ocrx_word' id='word_1_123' title='bbox 843 2253 950 2316; x_wconf 91' lang='lat' dir='ltr'>neque</span> <span class='ocrx_word' id='word_1_124' title='bbox 970 2231 1056 2297; x_wconf 90' lang='lat' dir='ltr'>alius</span> <span class='ocrx_word' id='word_1_125' title='bbox 1072 2231 1194 2317; x_wconf 74' lang='lat' dir='ltr'>Lycen,</span> <span class='ocrx_word' id='word_1_126' title='bbox 1212 2228 1256 2295; x_wconf 86' lang='lat' dir='ltr'>ad</span> <span class='ocrx_word' id='word_1_127' title='bbox 1273 2251 1378 2315; x_wconf 91' lang='lat' dir='ltr'>quem</span> 
     </span>
     <span class='ocr_line' id='line_1_18' title="bbox 197 2340 1376 2435; baseline -0.001 -24"><span class='ocrx_word' id='word_1_128' title='bbox 197 2346 360 2412; x_wconf 88' lang='lat' dir='ltr'>referatur</span> <span class='ocrx_word' id='word_1_129' title='bbox 382 2345 508 2429; x_wconf 85' lang='lat' dir='ltr'>fabula,</span> <span class='ocrx_word' id='word_1_130' title='bbox 537 2345 670 2411; x_wconf 89' lang='lat' dir='ltr'>videtur</span> <span class='ocrx_word' id='word_1_131' title='bbox 692 2351 824 2413; x_wconf 85' lang='lat' dir='ltr'>exstare</span> <span class='ocrx_word' id='word_1_132' title='bbox 837 2348 887 2435; x_wconf 72' lang='grc'>141)</span> <span class='ocrx_word' id='word_1_133' title='bbox 912 2350 946 2413; x_wconf 89' lang='lat' dir='ltr'>et</span> <span class='ocrx_word' id='word_1_134' title='bbox 969 2346 1105 2412; x_wconf 91' lang='lat' dir='ltr'>nomina</span> <span class='ocrx_word' id='word_1_135' title='bbox 1128 2367 1149 2410; x_wconf 88' lang='lat' dir='ltr'>a</span> <span class='ocrx_word' id='word_1_136' title='bbox 1172 2342 1263 2422; x_wconf 81' lang='grc' dir='ltr'>λύκος</span> <span class='ocrx_word' id='word_1_137' title='bbox 1287 2340 1376 2411; x_wconf 87' lang='lat' dir='ltr'>deri-</span> 
     </span>
     <span class='ocr_line' id='line_1_19' title="bbox 197 2460 1377 2549; baseline -0.001 -22"><span class='ocrx_word' id='word_1_138' title='bbox 197 2462 341 2549; x_wconf 68' lang='lat' dir='ltr'>vata142)</span> <span class='ocrx_word' id='word_1_139' title='bbox 365 2484 386 2526; x_wconf 89' lang='lat' dir='ltr'>a</span> <span class='ocrx_word' id='word_1_140' title='bbox 408 2482 517 2527; x_wconf 88' lang='lat' dir='ltr'>novae</span> <span class='ocrx_word' id='word_1_141' title='bbox 534 2460 722 2527; x_wconf 89' lang='lat' dir='ltr'>comoediae</span> <span class='ocrx_word' id='word_1_142' title='bbox 738 2463 844 2548; x_wconf 88' lang='lat' dir='ltr'>poetis</span> <span class='ocrx_word' id='word_1_143' title='bbox 861 2465 993 2549; x_wconf 90' lang='lat' dir='ltr'>propter</span> <span class='ocrx_word' id='word_1_144' title='bbox 1008 2461 1290 2544; x_wconf 81' lang='lat' dir='ltr'>significationem</span> <span class='ocrx_word' id='word_1_145' title='bbox 1305 2483 1377 2527; x_wconf 92' lang='lat' dir='ltr'>non</span> 
     </span>
    </p>
   </div>
   <div class='ocr_carea' id='block_1_4' title="bbox 197 2558 1375 2664">
    <p class='ocr_par' dir='ltr' id='par_1_4' title="bbox 197 2558 1375 2664">
     <span class='ocr_line' id='line_1_20' title="bbox 197 2558 1375 2664; baseline 0 -22"><span class='ocrx_word' id='word_1_146' title='bbox 197 2598 270 2642; x_wconf 90' lang='lat' dir='ltr'>raro</span> <span class='ocrx_word' id='word_1_147' title='bbox 295 2577 553 2663; x_wconf 80' lang='lat' dir='ltr'>usurpabantur,</span> <span class='ocrx_word' id='word_1_148' title='bbox 566 2577 616 2664; x_wconf 71' lang='grc'>143)</span> <span class='ocrx_word' id='word_1_149' title='bbox 647 2577 791 2643; x_wconf 86' lang='lat' dir='ltr'>fortasse</span> <span class='ocrx_word' id='word_1_150' title='bbox 822 2581 855 2643; x_wconf 92' lang='lat' dir='ltr'>et</span> <span class='ocrx_word' id='word_1_151' title='bbox 882 2578 952 2664; x_wconf 90' lang='lat' dir='ltr'>ipse</span> <span class='ocrx_word' id='word_1_152' title='bbox 983 2578 1052 2642; x_wconf 90' lang='lat' dir='ltr'>iam</span> <span class='ocrx_word' id='word_1_153' title='bbox 1075 2558 1286 2662; x_wconf 87' lang='lat' dir='ltr'>Antiphanes</span> <span class='ocrx_word' id='word_1_154' title='bbox 1310 2599 1375 2662; x_wconf 94' lang='lat' dir='ltr'>pu-</span> 
     </span>
    </p>
   </div>
   <div class='ocr_carea' id='block_1_5' title="bbox 195 2806 1377 4474">
    <p class='ocr_par' dir='ltr' id='par_1_5' title="bbox 252 2806 832 2876">
     <span class='ocr_line' id='line_1_21' title="bbox 252 2806 832 2876; baseline 0.003 -16"><span class='ocrx_word' id='word_1_155' title='bbox 252 2833 254 2837; x_wconf 95' lang='lat'>·</span> <span class='ocrx_word' id='word_1_156' title='bbox 308 2806 351 2873; x_wconf 78' lang='lat'>¹³⁹)</span> <span class='ocrx_word' id='word_1_157' title='bbox 371 2807 411 2860; x_wconf 78' lang='lat' dir='ltr'>uf.</span> <span class='ocrx_word' id='word_1_158' title='bbox 431 2810 543 2861; x_wconf 89' lang='lat' dir='ltr'>Aristot.</span> <span class='ocrx_word' id='word_1_159' title='bbox 563 2809 652 2863; x_wconf 92' lang='lat' dir='ltr'>Probl.</span> <span class='ocrx_word' id='word_1_160' title='bbox 672 2827 697 2876; x_wconf 92' lang='lat' dir='ltr'>p.</span> <span class='ocrx_word' id='word_1_161' title='bbox 712 2809 764 2863; x_wconf 90' lang='grc'>948</span> <span class='ocrx_word' id='word_1_162' title='bbox 779 2825 795 2861; x_wconf 87' lang='lat' dir='ltr'>a</span> <span class='ocrx_word' id='word_1_163' title='bbox 808 2810 832 2863; x_wconf 83' lang='lat'>3.</span> 
     </span>
    </p>

    <p class='ocr_par' dir='ltr' id='par_1_6' title="bbox 198 2895 1376 3054">
     <span class='ocr_line' id='line_1_22' title="bbox 307 2895 1376 2965; baseline 0.001 -16"><span class='ocrx_word' id='word_1_164' title='bbox 307 2897 409 2964; x_wconf 83' lang='lat' dir='ltr'>¹⁴⁰)-De</span> <span class='ocrx_word' id='word_1_165' title='bbox 429 2898 537 2965; x_wconf 86' lang='lat' dir='ltr'>Lycone</span> <span class='ocrx_word' id='word_1_166' title='bbox 558 2905 648 2955; x_wconf 84' lang='lat' dir='ltr'>actore</span> <span class='ocrx_word' id='word_1_167' title='bbox 668 2899 768 2951; x_wconf 88' lang='lat' dir='ltr'>comico</span> <span class='ocrx_word' id='word_1_168' title='bbox 788 2897 822 2951; x_wconf 87' lang='lat' dir='ltr'>ci.</span> <span class='ocrx_word' id='word_1_169' title='bbox 841 2898 959 2951; x_wconf 84' lang='lat' dir='ltr'>Voelker</span> <span class='ocrx_word' id='word_1_170' title='bbox 977 2897 1047 2950; x_wconf 89' lang='lat' dir='ltr'>Diss.</span> <span class='ocrx_word' id='word_1_171' title='bbox 1066 2897 1128 2952; x_wconf 85' lang='lat' dir='ltr'>Hal.</span> <span class='ocrx_word' id='word_1_172' title='bbox 1141 2895 1180 2948; x_wconf 88' lang='lat' dir='ltr'>1v</span> <span class='ocrx_word' id='word_1_173' title='bbox 1193 2895 1245 2950; x_wconf 77' lang='lat'>216</span> <span class='ocrx_word' id='word_1_174' title='bbox 1259 2912 1307 2965; x_wconf 86' lang='lat' dir='ltr'>sq.‚</span> <span class='ocrx_word' id='word_1_175' title='bbox 1326 2899 1376 2962; x_wconf 86' lang='lat' dir='ltr'>qui</span> 
     </span>
     <span class='ocr_line' id='line_1_23' title="bbox 198 2983 871 3054; baseline 0.004 -17"><span class='ocrx_word' id='word_1_176' title='bbox 198 2983 230 3037; x_wconf 88' lang='lat' dir='ltr'>de</span> <span class='ocrx_word' id='word_1_177' title='bbox 249 2983 345 3038; x_wconf 85' lang='lat' dir='ltr'>fabula</span> <span class='ocrx_word' id='word_1_178' title='bbox 363 2987 538 3054; x_wconf 79' lang='lat' dir='ltr'>Antiphanes</span> <span class='ocrx_word' id='word_1_179' title='bbox 557 2987 723 3039; x_wconf 86' lang='lat' dir='ltr'>Meinekium</span> <span class='ocrx_word' id='word_1_180' title='bbox 743 2989 871 3054; x_wconf 84' lang='lat' dir='ltr'>sequitur.</span> 
     </span>
    </p>

    <p class='ocr_par' dir='ltr' id='par_1_7' title="bbox 197 3073 1377 3406">
     <span class='ocr_line' id='line_1_24' title="bbox 307 3073 1377 3143; baseline 0.001 -16"><span class='ocrx_word' id='word_1_181' title='bbox 307 3073 350 3140; x_wconf 77' lang='lat'>¹4¹)</span> <span class='ocrx_word' id='word_1_182' title='bbox 371 3074 487 3128; x_wconf 90' lang='lat' dir='ltr'>Omnino</span> <span class='ocrx_word' id='word_1_183' title='bbox 505 3075 657 3128; x_wconf 88' lang='lat' dir='ltr'>Kirchnerc</span> <span class='ocrx_word' id='word_1_184' title='bbox 678 3074 802 3128; x_wconf 83' lang='lat' dir='ltr'>undecim</span> <span class='ocrx_word' id='word_1_185' title='bbox 820 3076 942 3143; x_wconf 87' lang='lat' dir='ltr'>Lycones</span> <span class='ocrx_word' id='word_1_186' title='bbox 967 3077 1149 3128; x_wconf 84' lang='lat' dir='ltr'>Athenienses</span> <span class='ocrx_word' id='word_1_187' title='bbox 1178 3082 1377 3128; x_wconf 81' lang='lat' dir='ltr'>enumerantur</span> 
     </span>
     <span class='ocr_line' id='line_1_25' title="bbox 198 3162 1375 3243; baseline 0.003 -29"><span class='ocrx_word' id='word_1_188' title='bbox 198 3163 278 3215; x_wconf 74' lang='lat'>1129.</span> <span class='ocrx_word' id='word_1_189' title='bbox 299 3163 361 3231; x_wconf 74' lang='grc'>472,</span> <span class='ocrx_word' id='word_1_190' title='bbox 380 3180 492 3230; x_wconf 89' lang='lat' dir='ltr'>quorum</span> <span class='ocrx_word' id='word_1_191' title='bbox 512 3166 665 3216; x_wconf 89' lang='lat' dir='ltr'>notissimus</span> <span class='ocrx_word' id='word_1_192' title='bbox 685 3171 763 3231; x_wconf 84' lang='lat' dir='ltr'>pater</span> <span class='ocrx_word' id='word_1_193' title='bbox 781 3166 908 3243; x_wconf 83' lang='lat' dir='ltr'>Autolyci</span> <span class='ocrx_word' id='word_1_194' title='bbox 927 3166 1040 3217; x_wconf 84' lang='lat' dir='ltr'>maritus</span> <span class='ocrx_word' id='word_1_195' title='bbox 1059 3162 1181 3216; x_wconf 88' lang='lat' dir='ltr'>Rhodiae</span> <span class='ocrx_word' id='word_1_196' title='bbox 1207 3162 1332 3228; x_wconf 86' lang='lat' dir='ltr'>(Kirchn.</span> <span class='ocrx_word' id='word_1_197' title='bbox 1352 3181 1375 3217; x_wconf 90' lang='lat' dir='ltr'>s.</span> 
     </span>
     <span class='ocr_line' id='line_1_26' title="bbox 197 3251 1376 3320; baseline 0.003 -18"><span class='ocrx_word' id='word_1_198' title='bbox 197 3268 237 3303; x_wconf 89' lang='lat' dir='ltr'>nr.</span> <span class='ocrx_word' id='word_1_199' title='bbox 258 3251 349 3319; x_wconf 76' lang='grc'>9271),</span> <span class='ocrx_word' id='word_1_200' title='bbox 368 3267 447 3318; x_wconf 88' lang='lat' dir='ltr'>quem</span> <span class='ocrx_word' id='word_1_201' title='bbox 465 3268 519 3304; x_wconf 85' lang='lat' dir='ltr'>una</span> <span class='ocrx_word' id='word_1_202' title='bbox 538 3269 598 3305; x_wconf 87' lang='lat' dir='ltr'>cum</span> <span class='ocrx_word' id='word_1_203' title='bbox 618 3251 673 3304; x_wconf 89' lang='lat' dir='ltr'>filio</span> <span class='ocrx_word' id='word_1_204' title='bbox 699 3261 780 3319; x_wconf 83' lang='lat' dir='ltr'>atque</span> <span class='ocrx_word' id='word_1_205' title='bbox 806 3268 890 3306; x_wconf 86' lang='lat' dir='ltr'>uxore</span> <span class='ocrx_word' id='word_1_206' title='bbox 917 3254 1003 3320; x_wconf 76' lang='lat' dir='ltr'>quinti</span> <span class='ocrx_word' id='word_1_207' title='bbox 1030 3253 1128 3305; x_wconf 84' lang='lat' dir='ltr'>saeculi</span> <span class='ocrx_word' id='word_1_208' title='bbox 1154 3259 1250 3319; x_wconf 82' lang='lat' dir='ltr'>poetae</span> <span class='ocrx_word' id='word_1_209' title='bbox 1277 3254 1376 3306; x_wconf 87' lang='lat' dir='ltr'>comici</span> 
     </span>
     <span class='ocr_line' id='line_1_27' title="bbox 197 3341 646 3406; baseline 0.007 -15"><span class='ocrx_word' id='word_1_210' title='bbox 197 3341 349 3406; x_wconf 84' lang='lat' dir='ltr'>saepissime</span> <span class='ocrx_word' id='word_1_211' title='bbox 369 3341 485 3394; x_wconf 91' lang='lat' dir='ltr'>ludibrio</span> <span class='ocrx_word' id='word_1_212' title='bbox 503 3341 646 3394; x_wconf 83' lang='lat' dir='ltr'>habebant.</span> 
     </span>
    </p>

    <p class='ocr_par' dir='ltr' id='par_1_8' title="bbox 307 3427 781 3496">
     <span class='ocr_line' id='line_1_28' title="bbox 307 3427 781 3496; baseline 0.004 -16"><span class='ocrx_word' id='word_1_213' title='bbox 307 3427 348 3493; x_wconf 63' lang='grc'>142)</span> <span class='ocrx_word' id='word_1_214' title='bbox 367 3428 407 3481; x_wconf 82' lang='lat' dir='ltr'>Cf.</span> <span class='ocrx_word' id='word_1_215' title='bbox 428 3429 619 3482; x_wconf 80' lang='lat' dir='ltr'>Ficlr-Bechtel</span> <span class='ocrx_word' id='word_1_216' title='bbox 638 3447 663 3496; x_wconf 91' lang='lat' dir='ltr'>p.</span> <span class='ocrx_word' id='word_1_217' title='bbox 678 3430 729 3482; x_wconf 78' lang='grc'>199</span> <span class='ocrx_word' id='word_1_218' title='bbox 744 3446 781 3496; x_wconf 87' lang='lat' dir='ltr'>sq.</span> 
     </span>
    </p>

    <p class='ocr_par' dir='ltr' id='par_1_9' title="bbox 195 3515 1375 4474">
     <span class='ocr_line' id='line_1_29' title="bbox 307 3515 1375 3587; baseline 0.003 -19"><span class='ocrx_word' id='word_1_219' title='bbox 307 3515 349 3583; x_wconf 64' lang='grc'>143)</span> <span class='ocrx_word' id='word_1_220' title='bbox 369 3518 398 3569; x_wconf 90' lang='lat' dir='ltr'>lu</span> <span class='ocrx_word' id='word_1_221' title='bbox 418 3518 507 3570; x_wconf 91' lang='lat' dir='ltr'>Plauti</span> <span class='ocrx_word' id='word_1_222' title='bbox 535 3518 696 3571; x_wconf 85' lang='lat' dir='ltr'>Curculione</span> <span class='ocrx_word' id='word_1_223' title='bbox 721 3519 793 3586; x_wconf 87' lang='lat' dir='ltr'>Lyco</span> <span class='ocrx_word' id='word_1_224' title='bbox 819 3520 952 3587; x_wconf 85' lang='lat' dir='ltr'>tarpezita</span> <span class='ocrx_word' id='word_1_225' title='bbox 978 3517 1127 3584; x_wconf 80' lang='lat' dir='ltr'>inducitur3</span> <span class='ocrx_word' id='word_1_226' title='bbox 1153 3517 1267 3585; x_wconf 84' lang='lat' dir='ltr'>Euphro</span> <span class='ocrx_word' id='word_1_227' title='bbox 1293 3521 1375 3585; x_wconf 87' lang='lat' dir='ltr'>coqui</span> 
     </span>
     <span class='ocr_line' id='line_1_30' title="bbox 197 3594 1375 3674; baseline 0.003 -18"><span class='ocrx_word' id='word_1_228' title='bbox 197 3603 327 3672; x_wconf 87' lang='lat' dir='ltr'>discipulo</span> <span class='ocrx_word' id='word_1_229' title='bbox 348 3604 456 3657; x_wconf 84' lang='lat' dir='ltr'>iurandi</span> <span class='ocrx_word' id='word_1_230' title='bbox 476 3608 635 3673; x_wconf 88' lang='lat' dir='ltr'>peritissimo</span> <span class='ocrx_word' id='word_1_231' title='bbox 655 3623 751 3660; x_wconf 88' lang='lat' dir='ltr'>nomen</span> <span class='ocrx_word' id='word_1_232' title='bbox 773 3606 863 3664; x_wconf 79' lang='grc' dir='ltr'><strong><em>Λύκος</em></strong></span> <span class='ocrx_word' id='word_1_233' title='bbox 875 3594 981 3660; x_wconf 75' lang='lat' dir='ltr'>&#39;indidit</span> <span class='ocrx_word' id='word_1_234' title='bbox 999 3608 1032 3660; x_wconf 87' lang='lat' dir='ltr'>ir.</span> <span class='ocrx_word' id='word_1_235' title='bbox 1054 3609 1115 3668; x_wconf 86' lang='grc'>1,1.</span> <span class='ocrx_word' id='word_1_236' title='bbox 1136 3608 1177 3659; x_wconf 71' lang='lat'>21.</span> <span class='ocrx_word' id='word_1_237' title='bbox 1198 3608 1233 3661; x_wconf 91' lang='grc'>30</span> <span class='ocrx_word' id='word_1_238' title='bbox 1251 3622 1289 3674; x_wconf 84' lang='lat' dir='ltr'>eq.</span> <span class='ocrx_word' id='word_1_239' title='bbox 1309 3607 1375 3672; x_wconf 84' lang='lat' dir='ltr'>(Ko.</span> 
     </span>
     <span class='ocr_line' id='line_1_31' title="bbox 196 3693 1373 3764; baseline 0.003 -19"><span class='ocrx_word' id='word_1_240' title='bbox 196 3693 235 3745; x_wconf 87' lang='lat' dir='ltr'>lll</span> <span class='ocrx_word' id='word_1_241' title='bbox 255 3694 333 3760; x_wconf 93' lang='grc'>317),</span> <span class='ocrx_word' id='word_1_242' title='bbox 354 3711 440 3761; x_wconf 88' lang='lat' dir='ltr'>neque</span> <span class='ocrx_word' id='word_1_243' title='bbox 461 3696 542 3747; x_wconf 91' lang='lat' dir='ltr'>aliter</span> <span class='ocrx_word' id='word_1_244' title='bbox 554 3697 708 3763; x_wconf 82' lang='lat' dir='ltr'>appellatur</span> <span class='ocrx_word' id='word_1_245' title='bbox 728 3697 789 3748; x_wconf 87' lang='lat' dir='ltr'>leno</span> <span class='ocrx_word' id='word_1_246' title='bbox 809 3698 853 3748; x_wconf 88' lang='lat' dir='ltr'>ille</span> <span class='ocrx_word' id='word_1_247' title='bbox 874 3696 994 3762; x_wconf 88' lang='lat' dir='ltr'>perditus</span> <span class='ocrx_word' id='word_1_248' title='bbox 1013 3705 1093 3764; x_wconf 87' lang='lat' dir='ltr'>atque</span> <span class='ocrx_word' id='word_1_249' title='bbox 1113 3697 1257 3764; x_wconf 81' lang='lat' dir='ltr'>periturae,</span> <span class='ocrx_word' id='word_1_250' title='bbox 1277 3697 1323 3762; x_wconf 89' lang='lat' dir='ltr'>qui</span> <span class='ocrx_word' id='word_1_251' title='bbox 1343 3697 1373 3749; x_wconf 91' lang='lat' dir='ltr'>in</span> 
     </span>
     <span class='ocr_line' id='line_1_32' title="bbox 196 3783 1374 3852; baseline 0.003 -19"><span class='ocrx_word' id='word_1_252' title='bbox 196 3783 285 3834; x_wconf 90' lang='lat' dir='ltr'>Plauti</span> <span class='ocrx_word' id='word_1_253' title='bbox 304 3783 424 3835; x_wconf 91' lang='lat' dir='ltr'>Poenulo</span> <span class='ocrx_word' id='word_1_254' title='bbox 444 3792 533 3850; x_wconf 80' lang='lat' dir='ltr'>partes</span> <span class='ocrx_word' id='word_1_255' title='bbox 553 3785 622 3851; x_wconf 78' lang='lat' dir='ltr'>aglt3</span> <span class='ocrx_word' id='word_1_256' title='bbox 643 3791 756 3851; x_wconf 85' lang='lat' dir='ltr'>uterque</span> <span class='ocrx_word' id='word_1_257' title='bbox 777 3793 856 3850; x_wconf 88' lang='lat' dir='ltr'>poeta</span> <span class='ocrx_word' id='word_1_258' title='bbox 874 3786 961 3838; x_wconf 88' lang='lat' dir='ltr'>iocose</span> <span class='ocrx_word' id='word_1_259' title='bbox 975 3802 1034 3837; x_wconf 87' lang='lat' dir='ltr'>curn</span> <span class='ocrx_word' id='word_1_260' title='bbox 1048 3787 1112 3852; x_wconf 88' lang='lat' dir='ltr'>lupo</span> <span class='ocrx_word' id='word_1_261' title='bbox 1125 3789 1272 3850; x_wconf 85' lang='lat' dir='ltr'>comparat,</span> <span class='ocrx_word' id='word_1_262' title='bbox 1292 3800 1374 3851; x_wconf 89' lang='lat' dir='ltr'>quern</span> 
     </span>
     <span class='ocr_line' id='line_1_33' title="bbox 196 3871 1373 3941; baseline 0.003 -18"><span class='ocrx_word' id='word_1_263' title='bbox 196 3872 410 3938; x_wconf 69' lang='lat' dir='ltr'>denominavit,</span> <span class='ocrx_word' id='word_1_264' title='bbox 434 3872 570 3925; x_wconf 87' lang='lat' dir='ltr'>hominem</span> <span class='ocrx_word' id='word_1_265' title='bbox 590 3873 703 3940; x_wconf 83' lang='lat' dir='ltr'>(Euphr.</span> <span class='ocrx_word' id='word_1_266' title='bbox 732 3875 748 3926; x_wconf 80' lang='grc' dir='ltr'>Ι.</span> <span class='ocrx_word' id='word_1_267' title='bbox 770 3876 801 3941; x_wconf 90' lang='grc'>1.,</span> <span class='ocrx_word' id='word_1_268' title='bbox 830 3875 911 3926; x_wconf 89' lang='lat' dir='ltr'>Poen.</span> <span class='ocrx_word' id='word_1_269' title='bbox 940 3875 1001 3941; x_wconf 78' lang='grc'>648,</span> <span class='ocrx_word' id='word_1_270' title='bbox 1030 3890 1082 3940; x_wconf 89' lang='lat' dir='ltr'>quo</span> <span class='ocrx_word' id='word_1_271' title='bbox 1110 3871 1310 3926; x_wconf 85' lang='lat' dir='ltr'>demonstratur</span> <span class='ocrx_word' id='word_1_272' title='bbox 1338 3890 1373 3927; x_wconf 84' lang='lat' dir='ltr'>ex</span> 
     </span>
     <span class='ocr_line' id='line_1_34' title="bbox 197 3953 1372 4029; baseline 0.006 -18"><span class='ocrx_word' id='word_1_273' title='bbox 197 3961 319 4025; x_wconf 86' lang='lat' dir='ltr'>exemplo</span> <span class='ocrx_word' id='word_1_274' title='bbox 340 3959 443 4013; x_wconf 88' lang='lat' dir='ltr'>Graeco</span> <span class='ocrx_word' id='word_1_275' title='bbox 462 3953 588 4013; x_wconf 86' lang='lat' dir='ltr'>Plautum</span> <span class='ocrx_word' id='word_1_276' title='bbox 615 3978 712 4015; x_wconf 87' lang='lat' dir='ltr'>nomen</span> <span class='ocrx_word' id='word_1_277' title='bbox 739 3960 945 4029; x_wconf 87' lang='lat' dir='ltr'>deprompsisse,</span> <span class='ocrx_word' id='word_1_278' title='bbox 972 3961 1006 4016; x_wconf 84' lang='lat' dir='ltr'>ci.</span> <span class='ocrx_word' id='word_1_279' title='bbox 1026 3963 1080 4014; x_wconf 87' lang='lat' dir='ltr'>Leo</span> <span class='ocrx_word' id='word_1_280' title='bbox 1099 3962 1186 4014; x_wconf 86' lang='lat' dir='ltr'>Plaut.</span> <span class='ocrx_word' id='word_1_281' title='bbox 1212 3961 1324 4015; x_wconf 85' lang='lat' dir='ltr'>Forsch.</span> <span class='ocrx_word' id='word_1_282' title='bbox 1344 3979 1372 4029; x_wconf 89' lang='lat' dir='ltr'>p.</span> 
     </span>
     <span class='ocr_line' id='line_1_35' title="bbox 196 4047 1374 4117; baseline 0.003 -18"><span class='ocrx_word' id='word_1_283' title='bbox 196 4049 230 4100; x_wconf 88' lang='grc'>94</span> <span class='ocrx_word' id='word_1_284' title='bbox 251 4048 314 4100; x_wconf 62' lang='lat' dir='ltr'>adn.</span> <span class='ocrx_word' id='word_1_285' title='bbox 335 4049 375 4115; x_wconf 84' lang='lat'>1);</span> <span class='ocrx_word' id='word_1_286' title='bbox 402 4048 474 4117; x_wconf 90' lang='lat' dir='ltr'>apud</span> <span class='ocrx_word' id='word_1_287' title='bbox 493 4052 695 4103; x_wconf 84' lang='lat' dir='ltr'>Aristaenetum</span> <span class='ocrx_word' id='word_1_288' title='bbox 708 4051 734 4102; x_wconf 91' lang='lat' dir='ltr'>II</span> <span class='ocrx_word' id='word_1_289' title='bbox 752 4050 787 4104; x_wconf 82' lang='lat'>&#39;20</span> <span class='ocrx_word' id='word_1_290' title='bbox 804 4054 841 4117; x_wconf 88' lang='lat' dir='ltr'>(p.</span> <span class='ocrx_word' id='word_1_291' title='bbox 855 4051 908 4105; x_wconf 92' lang='grc'>170</span> <span class='ocrx_word' id='word_1_292' title='bbox 926 4051 1035 4116; x_wconf 88' lang='lat' dir='ltr'>Herch.)</span> <span class='ocrx_word' id='word_1_293' title='bbox 1054 4051 1104 4104; x_wconf 86' lang='lat' dir='ltr'>ioci</span> <span class='ocrx_word' id='word_1_294' title='bbox 1122 4066 1203 4104; x_wconf 86' lang='lat' dir='ltr'>causa</span> <span class='ocrx_word' id='word_1_295' title='bbox 1221 4047 1323 4102; x_wconf 78' lang='grc' dir='ltr'><em>Λύκων</em></span> <span class='ocrx_word' id='word_1_296' title='bbox 1336 4082 1374 4090; x_wconf 93' lang='grc'>-</span> 
     </span>
     <span class='ocr_line' id='line_1_36' title="bbox 196 4133 1370 4208; baseline 0.005 -21"><span class='ocrx_word' id='word_1_297' title='bbox 196 4133 273 4192; x_wconf 77' lang='grc' dir='ltr'><em>λύκος</em></span> <span class='ocrx_word' id='word_1_298' title='bbox 292 4146 496 4204; x_wconf 85' lang='lat' dir='ltr'>componuntur.</span> <span class='ocrx_word' id='word_1_299' title='bbox 517 4169 551 4178; x_wconf 84' lang='lat'><em>-</em></span> <span class='ocrx_word' id='word_1_300' title='bbox 571 4139 703 4206; x_wconf 89' lang='lat' dir='ltr'>(Nominis</span> <span class='ocrx_word' id='word_1_301' title='bbox 730 4139 821 4195; x_wconf 77' lang='grc' dir='ltr'><em>Λύκος</em></span> <span class='ocrx_word' id='word_1_302' title='bbox 846 4145 947 4207; x_wconf 87' lang='lat' dir='ltr'>septem</span> <span class='ocrx_word' id='word_1_303' title='bbox 974 4142 1098 4208; x_wconf 86' lang='lat' dir='ltr'>exempla</span> <span class='ocrx_word' id='word_1_304' title='bbox 1122 4139 1235 4207; x_wconf 82' lang='lat' dir='ltr'>praehet</span> <span class='ocrx_word' id='word_1_305' title='bbox 1257 4139 1370 4193; x_wconf 87' lang='lat' dir='ltr'>Kirohn.</span> 
     </span>
     <span class='ocr_line' id='line_1_37' title="bbox 195 4224 1371 4296; baseline 0.004 -20"><span class='ocrx_word' id='word_1_306' title='bbox 195 4225 221 4276; x_wconf 90' lang='grc' dir='ltr'>ΙΙ</span> <span class='ocrx_word' id='word_1_307' title='bbox 230 4225 263 4278; x_wconf 76' lang='grc'>29</span> <span class='ocrx_word' id='word_1_308' title='bbox 272 4228 365 4291; x_wconf 88' lang='lat' dir='ltr'>sq.)-</span> <span class='ocrx_word' id='word_1_309' title='bbox 374 4225 413 4280; x_wconf 81' lang='lat' dir='ltr'>Cf.</span> <span class='ocrx_word' id='word_1_310' title='bbox 425 4224 504 4279; x_wconf 83' lang='grc' dir='ltr'><em>Λύκα</em></span> <span class='ocrx_word' id='word_1_311' title='bbox 517 4230 645 4280; x_wconf 86' lang='lat' dir='ltr'>meretrix</span> <span class='ocrx_word' id='word_1_312' title='bbox 658 4228 731 4295; x_wconf 85' lang='lat' dir='ltr'>apud</span> <span class='ocrx_word' id='word_1_313' title='bbox 744 4227 906 4296; x_wconf 88' lang='lat' dir='ltr'>Amphidern</span> <span class='ocrx_word' id='word_1_314' title='bbox 917 4229 949 4281; x_wconf 84' lang='lat' dir='ltr'>ir.</span> <span class='ocrx_word' id='word_1_315' title='bbox 959 4229 993 4282; x_wconf 82' lang='lat'>23</span> <span class='ocrx_word' id='word_1_316' title='bbox 1004 4229 1064 4295; x_wconf 86' lang='lat' dir='ltr'>(Kc.</span> <span class='ocrx_word' id='word_1_317' title='bbox 1073 4229 1099 4281; x_wconf 93' lang='lat' dir='ltr'>ll</span> <span class='ocrx_word' id='word_1_318' title='bbox 1109 4229 1171 4292; x_wconf 76' lang='grc'>243)</span> <span class='ocrx_word' id='word_1_319' title='bbox 1184 4235 1211 4281; x_wconf 87' lang='lat' dir='ltr'>et</span> <span class='ocrx_word' id='word_1_320' title='bbox 1221 4228 1371 4282; x_wconf 86' lang='lat' dir='ltr'>Timoclem</span> 
     </span>
     <span class='ocr_line' id='line_1_38' title="bbox 195 4313 1371 4384; baseline 0.009 -20"><span class='ocrx_word' id='word_1_321' title='bbox 195 4313 229 4365; x_wconf 88' lang='lat' dir='ltr'>fr.</span> <span class='ocrx_word' id='word_1_322' title='bbox 238 4313 272 4367; x_wconf 77' lang='lat'>‘25</span> <span class='ocrx_word' id='word_1_323' title='bbox 282 4314 475 4383; x_wconf 74' lang='lat' dir='ltr'>(1146‘2,supra</span> <span class='ocrx_word' id='word_1_324' title='bbox 485 4334 510 4384; x_wconf 91' lang='lat' dir='ltr'>p.</span> <span class='ocrx_word' id='word_1_325' title='bbox 521 4317 578 4383; x_wconf 89' lang='grc'>34),</span> <span class='ocrx_word' id='word_1_326' title='bbox 592 4316 716 4368; x_wconf 82' lang='grc' dir='ltr'><em>Λύκαινα</em></span> <span class='ocrx_word' id='word_1_327' title='bbox 727 4317 789 4369; x_wconf 92' lang='lat' dir='ltr'>Luc.</span> <span class='ocrx_word' id='word_1_328' title='bbox 801 4317 868 4370; x_wconf 88' lang='lat' dir='ltr'>Mer.</span> <span class='ocrx_word' id='word_1_329' title='bbox 879 4318 950 4370; x_wconf 91' lang='lat' dir='ltr'>Dial.</span> <span class='ocrx_word' id='word_1_330' title='bbox 960 4318 1002 4384; x_wconf 65' lang='lat'>12,</span> <span class='ocrx_word' id='word_1_331' title='bbox 1014 4318 1027 4369; x_wconf 96' lang='grc'><strong>1</strong></span> <span class='ocrx_word' id='word_1_332' title='bbox 1039 4316 1161 4383; x_wconf 77' lang='lat' dir='ltr'>(Bechtel</span> <span class='ocrx_word' id='word_1_333' title='bbox 1171 4316 1218 4369; x_wconf 88' lang='lat' dir='ltr'>Fr.</span> <span class='ocrx_word' id='word_1_334' title='bbox 1230 4333 1255 4383; x_wconf 92' lang='lat' dir='ltr'>p.</span> <span class='ocrx_word' id='word_1_335' title='bbox 1264 4317 1300 4371; x_wconf 76' lang='grc'>93</span> <span class='ocrx_word' id='word_1_336' title='bbox 1310 4321 1371 4384; x_wconf 69' lang='lat' dir='ltr'>so).</span> 
     </span>
     <span class='ocr_line' id='line_1_39' title="bbox 196 4402 1370 4474; baseline 0.005 -21"><span class='ocrx_word' id='word_1_337' title='bbox 196 4433 230 4440; x_wconf 94' lang='lat'><em>-</em></span> <span class='ocrx_word' id='word_1_338' title='bbox 243 4402 387 4456; x_wconf 83' lang='lat' dir='ltr'>Praeterea</span> <span class='ocrx_word' id='word_1_339' title='bbox 400 4421 423 4456; x_wconf 92' lang='lat' dir='ltr'>v.</span> <span class='ocrx_word' id='word_1_340' title='bbox 438 4406 519 4459; x_wconf 83' lang='lat' dir='ltr'>Arist.</span> <span class='ocrx_word' id='word_1_341' title='bbox 539 4405 599 4473; x_wconf 87' lang='lat' dir='ltr'>Lys.</span> <span class='ocrx_word' id='word_1_342' title='bbox 620 4405 685 4472; x_wconf 75' lang='lat'>629;</span> <span class='ocrx_word' id='word_1_343' title='bbox 704 4405 737 4457; x_wconf 88' lang='lat' dir='ltr'>fr.</span> <span class='ocrx_word' id='word_1_344' title='bbox 752 4406 804 4461; x_wconf 87' lang='grc'>337</span> <span class='ocrx_word' id='word_1_345' title='bbox 823 4406 883 4472; x_wconf 87' lang='lat' dir='ltr'>(Kc.</span> <span class='ocrx_word' id='word_1_346' title='bbox 897 4406 994 4474; x_wconf 76' lang='lat'>1481).</span> <span class='ocrx_word' id='word_1_347' title='bbox 1016 4405 1137 4459; x_wconf 86' lang='lat' dir='ltr'>Schmidt</span> <span class='ocrx_word' id='word_1_348' title='bbox 1155 4407 1172 4459; x_wconf 90' lang='lat' dir='ltr'>l.</span> <span class='ocrx_word' id='word_1_349' title='bbox 1187 4407 1203 4460; x_wconf 93' lang='lat' dir='ltr'>l.</span> <span class='ocrx_word' id='word_1_350' title='bbox 1223 4423 1249 4474; x_wconf 90' lang='lat' dir='ltr'>p.</span> <span class='ocrx_word' id='word_1_351' title='bbox 1265 4405 1317 4460; x_wconf 88' lang='grc'>194</span> <span class='ocrx_word' id='word_1_352' title='bbox 1330 4422 1370 4474; x_wconf 86' lang='lat' dir='ltr'>sq.</span> 
     </span>
    </p>
   </div>
   <div class='ocr_carea' id='block_1_6' title="bbox 0 0 1572 5024">
    <p class='ocr_par' dir='ltr' id='par_1_10' title="bbox 0 0 1572 5024">
     <span class='ocr_line' id='line_1_40' title="bbox 0 0 1572 5024; baseline 0 0"><span class='ocrx_word' id='word_1_353' title='bbox 0 0 1572 5024; x_wconf 95' lang='lat' dir='ltr'> </span> 
     </span>
    </p>
   </div>
  </div>
 </body>
</html>
