3136 5024
683 261 875 314 -142-

284 440 351 505 Nos
375 461 444 505 rem
468 439 637 505 difficilem
660 441 780 505 iterum
804 443 1004 527 temptemus
1021 462 1156 507 necesse
1172 444 1233 523 est,
1259 441 1314 507 vel
1330 444 1369 507 ut

195 556 442 642 perspiciamus
460 554 503 620 ad
519 559 629 621 utram
646 557 736 621 tituli
751 556 798 620 illi
814 560 981 643 spectent:
999 558 1027 622 si
1043 555 1139 623 modo
1156 555 1243 622 duae
1259 556 1368 623 fuere!

196 671 282 736 Nam
306 675 385 737 ante
409 672 521 737 omnia
545 672 607 737 hoc
631 670 819 737 dicendum:
847 676 977 737 veteres
1002 673 1176 758 scriptores
1200 694 1369 758 nusquam

196 786 280 852 duas
296 787 415 852 Laidos
440 787 640 868 discernunt,
666 809 793 874 semper
817 787 856 852 de
873 786 974 853 Laide
998 810 1067 853 una
1090 788 1261 854 meretrice
1279 788 1365 854 cele-

195 903 338 968 berrima
368 906 507 968 narrant
536 925 602 968 uno
633 903 703 968 loco
735 907 881 989 excepto,
907 904 962 987 qui
993 902 1158 990 extemplo
1189 903 1369 969 afferatur:

196 1020 318 1084 Athen.
342 1018 417 1083 XIII
441 1020 539 1084 5740
574 1016 628 1083 καὶ
657 1020 762 1104 ἐτέρας
791 1018 823 1084 δὲ
852 1017 1050 1096 briotreidem
1077 1016 1236 1104 περιήγετο
1266 1016 1326 1085 αἰεὶ
1355 1013 1369 1085 ὃ

195 1132 405 1219 Ἀλκιβιάδης,
429 1134 651 1220 Δαμασάνδραν
674 1131 731 1219 τὴν
755 1134 902 1210 Λαίδος
928 1133 999 1219 της
1023 1136 1218 1220 νεωτέρας
1249 1136 1371 1220 μητέρα

197 1248 250 1315 καὶ
274 1248 436 1337 Θεοδότην.
484 1250 591 1316 Locus
619 1253 671 1315 est
701 1249 924 1315 memorabilis
954 1249 1038 1332 ideo,
1064 1248 1152 1336 quod
1181 1248 1250 1315 fere
1281 1249 1371 1315 idem

197 1364 287 1452 apud
303 1364 443 1431 eundem
460 1365 671 1431 Athenaeum
688 1363 786 1450 paulo
804 1369 883 1430 ante
899 1364 1019 1447 legitur
1043 1364 1117 1452 (XII
1133 1365 1197 1430 535
1207 1386 1233 1447 c,
1259 1366 1372 1448 agitur

198 1480 237 1546 de
271 1480 404 1546 luxuria
434 1479 641 1567 Alcibiadis):
673 1478 854 1565 στρατηγῶν
885 1480 917 1545 δὲ
946 1479 1166 1566 συμπεριήγετο
1197 1474 1282 1570 αὑτῷ
1312 1475 1371 1566 τη’ν

199 1620 231 1661 τε
254 1597 398 1672 Λαΐδος
427 1600 498 1681 τῆς
529 1596 760 1685 Κορινῖνίας,
777 1599 895 1681 μητέρα
925 1595 1100 1681 Τιμάνδραν
1129 1593 1184 1661 καὶ
1214 1596 1369 1684 Θεοδότην

129 1706 132 1711 ’
197 1706 254 1796 την
285 1707 439 1798 Ἀττικὴν
473 1712 607 1796 ἑταίραν.
662 1715 787 1777 Auctor
821 1715 874 1777 est
908 1710 1049 1797 Satyrus
1085 1708 1162 1796 (534
1174 1711 1276 1799 b),:‘³⁵²)
1311 1711 1373 1777 sed

199 1826 329 1892 duabus
359 1828 393 1892 in
422 1827 520 1893 rebus
551 1827 644 1891 illum
674 1827 783 1892 locum
814 1827 856 1892 ab
887 1827 949 1892 hoc
972 1825 1087 1893 vidisti
1111 1825 1371 1913 discrepantem:

198 1943 304 2008 altera
341 1943 448 2009 amica
478 1941 659 2008 Alcibiadis
690 1940 778 2027 quod
808 1942 862 2007 hie
891 1941 1071 2007 Timandra
1100 1941 1270 2028 appellata
1304 1942 1373 2007 illic

198 2057 429 2124 Damasandra
461 2057 566 2141 audit,
597 2079 664 2123 non
696 2057 920 2123 emendationi
948 2056 1161 2123 tribuendum
1192 2060 1258 2141 est3
1290 2079 1373 2123 nam

197 2178 285 2239 recte
308 2173 581 2240 Hemsterhusius
606 2172 649 2238 ad
670 2173 770 2239 schol.
788 2173 889 2239 Arist.
906 2173 992 2239 Plut.
1012 2175 1074 2238 179
1092 2193 1207 2237 verum
1223 2171 1373 2239 feminae

198 2311 319 2356 nomen
351 2290 490 2355 coniecit
521 2309 578 2374 per
609 2289 810 2354 calumniam
840 2289 875 2353 in
905 2287 1171 2354 Damasandram
1202 2287 1374 2355 detortum

198 2405 337 2491 essem)
379 2404 456 2492 Qua
479 2425 513 2469 re
537 2404 674 2469 alterius
698 2404 894 2470 mutationis
918 2403 1041 2490 (Λαίδος
1064 2401 1121 2488 τῆς
1144 2403 1374 2489 Reposcu-

198 2527 234 2586 Λ.
252 2518 309 2604 της
331 2522 488 2606 νεωτέρας)
512 2519 597 2585 fides
621 2520 775 2586 videlicet
800 2518 890 2585 haud
913 2523 1069 2602 uegetum
1093 2520 1251 2604 quoniam
1268 2519 1374 2586 alter-

197 2639 310 2700 utrum
344 2638 477 2700 tantum
512 2633 601 2722 apud
636 2634 792 2721 Satyrum
829 2635 986 2720 scriptum
1021 2634 1125 2700 fuisse
1160 2637 1282 2721 potest,
1315 2657 1377 2722 per

198 2751 420 2816 coniecturam
450 2749 532 2815 illud
562 2754 619 2836 τῆς
648 2753 797 2835 νεωτέροις
828 2752 897 2815 iure
927 2749 1069 2815 forsitan
1092 2749 1257 2835 quispiam
1282 2750 1377 2817 dicat

197 2865 275 2931 iIIuc
297 2866 428 2932 illatum
445 2887 527 2948 esse,
553 2871 587 2931 et
611 2867 639 2931 si
663 2887 765 2930 unam
778 2863 914 2931 Laidem
937 2865 1042 2930 fuisse
1066 2887 1108 2930 ex
1131 2865 1248 2931 ceteris
1273 2867 1376 2932 testi-

197 2982 316 3046 moniis
341 2981 522 3064 colligatur‚
547 2981 640 3045 illum
656 2981 821 3047 Athenaei
845 2981 953 3046 locum
976 2982 1045 3046 iure
1068 2980 1207 3064 neglegi.
1264 2957 1289 3036 s

287 3095 352 3162 Sed
374 3097 442 3161 iam
467 3097 608 3162 comicos
632 3098 749 3182 poetas
773 3094 813 3161 de
829 3096 976 3162 mulieris
993 3100 1105 3162 aetate
1123 3100 1210 3162 certe
1226 3096 1379 3182 optimos

198 3216 302 3279 testes
310 3211 541 3298 producamus.
551 3215 661 3297 Atque
671 3211 1205 3298 commemoraturquaedamLais
1214 3211 1257 3277 ab
1266 3211 1378 3280 hisce:

288 3332 317 3394 1.
342 3329 385 3394 ab
409 3328 631 3414 Aristophane
655 3328 742 3393 Plut.
770 3330 848 3411 179;
873 3327 913 3394 ef.
938 3329 1003 3394 302
1027 3349 1097 3414 sqq.
1123 3349 1149 3393 e.
1166 3327 1329 3416 schol.⁸⁶⁹)

200 3519 236 3582 (p.
250 3517 326 3582 404);
347 3517 389 3568 cui
408 3509 538 3584 promisso
557 3531 711 3582 numquam,
737 3521 867 3582 quantum
893 3530 941 3581 ego
961 3513 1069 3581 quidem
1093 3515 1156 3580 scio,
1182 3513 1265 3566 stetit.
1294 3514 1378 3568 Prae·

199 3612 274 3657 terea
300 3602 333 3656 ci.
353 3605 433 3657 Helm
462 3604 557 3657 Gesch.
586 3604 755 3657 Siciliensli
775 3605 826 3656 410
846 3620 884 3670 sq.
911 3611 939 3655 et
964 3603 1096 3656 Freeman
1123 3601 1218 3658 Geseh.
1248 3600 1378 3658 SizIIIens

198 3694 344 3759 (Deutsehe
363 3695 446 3758 Ausg.
466 3710 489 3745 v.
504 3694 532 3745 B.
546 3694 638 3760 Lupus
658 3693 738 3758 1901)
758 3693 797 3744 ΙΙΙ
816 3694 868 3746 588
881 3708 947 3759 sqq,
973 3694 1019 3759 qui
1043 3691 1217 3745 difficultates
1240 3707 1297 3744 non
1317 3699 1378 3746 tam

198 3784 298 3834 tollunt
316 3798 396 3848 quam
415 3781 544 3834 indicant.

305 3869 351 3935 ⁸⁸⁷)
371 3870 406 3922 Et
425 3871 521 3938 Lysiae
541 3869 634 3922 eadem
654 3871 739 3923 oratio
759 3869 799 3922 bis
819 3869 955 3938 laudatur,
974 3869 1050 3923 534f
1069 3877 1096 3922 et
1114 3869 1199 3923 otte.

306 3958 351 4025 358)
371 3959 432 4012 Non
452 3961 531 4012 aliter
549 3959 646 4012 Jacobs
666 3961 682 4012 l.
698 3961 714 4011 l.
734 3977 758 4026 p.
774 3960 825 4013 176
844 3958 906 4012 adn.

305 4047 351 4113 859)
370 4048 410 4100 De
430 4049 592 4110 coniectura,
612 4064 758 4116 perquam
777 4050 804 4101 in
828 4048 878 4100 hoc
902 4064 980 4100 versu
1005 4050 1073 4104 Ναίς
1095 4046 1213 4100 scribere
1238 4045 1377 4118 iubemur,

199 4136 288 4190 adhuc
313 4136 406 4190 dubito
436 4135 480 4202 (cf.
503 4135 565 4190 adn.
587 4137 661 4204 327),
689 4139 752 4189 licet
778 4137 811 4189 ab
837 4138 1020 4205 Aristophane
1045 4137 1221 4203 grammatico
1249 4136 1377 4202 protecta

199 4226 242 4293 sit,
261 4234 291 4278 ut
310 4225 414 4279 studuit
432 4226 547 4294 probare
566 4241 617 4278 van
636 4227 768 4279 Leeuwen
789 4225 830 4279 ed.
849 4227 921 4278 Pluti
940 4244 965 4294 p.
983 4225 1069 4280 XXV.
1106 4224 1216 4278 Certum
1242 4224 1376 4279 iudicium

200 4330 231 4367 eo
250 4322 366 4382 vetatur,
390 4315 461 4381 quod
487 4316 566 4368 Plato
592 4316 707 4368 comicus
733 4331 802 4382 quae
826 4317 853 4367 in
873 4315 982 4368 Phaone
1009 4313 1042 4366 de
1067 4313 1153 4366 Laide
1180 4312 1250 4366 dixit
1275 4314 1375 4380 (schol.

198 4403 268 4455 Plut.
289 4405 340 4459 179
359 4430 392 4451 =
411 4404 445 4456 fr.
466 4405 525 4472 179,
544 4421 568 4456 v.
583 4421 607 4470 p.
622 4405 681 4458 143.
703 4404 754 4456 149
773 4411 800 4455 et
818 4402 880 4456 adn.
900 4404 973 4471 372),
992 4401 1133 4469 deperdita
1152 4408 1221 4455 suut.
