3136 5024
691 278 886 343 -rress

202 459 332 540 tempus
355 455 578 540 pervenimus,
603 454 648 520 ad
663 455 751 540 quod
767 455 1039 521 ratiocinationes
1056 454 1096 520 de
1113 453 1374 520 Gerontomania

199 553 448 636 Anaxandridis
462 593 564 657 supra
576 571 747 636 adhibitae
759 593 821 636 nos
833 570 1024 657 perduxere.
1042 571 1133 651 Quae
1147 592 1221 636 curn
1233 571 1283 636 ita
1295 570 1373 652 sint,

200 708 241 752 ne
265 687 416 753 florentis
439 686 573 772 quidem
597 689 727 778 Anteae
758 690 906 753 aetatem
922 687 1007 752 falso
1030 709 1131 773 supra
1152 709 1205 752 me
1221 687 1372 772 posuisse

149 884 152 886 v
200 801 392 867 crediderim
424 805 459 868 et
488 802 647 868 decennio
684 804 839 869 390-80
872 803 974 868 etiam
1005 803 1121 868 Eunici
1150 802 1206 868 vel
1240 800 1373 888 Philylli

201 917 403 983 comoediam
428 920 656 1001 cognominem
680 920 836 1005 scriptam
861 940 933 983 esse
959 919 1091 1005 conicio.

242 1042 245 1048 '
290 1033 354 1101 Sed
377 1035 537 1099 exstabat
552 1035 754 1120 Antiphanis
776 1055 906 1119 quoque
922 1037 1033 1099 Antea
1057 1033 1165 1120 (Mein.
1183 1035 1215 1099 h.
1232 1055 1274 1100 cr.
1292 1034 1373 1113 322;

199 1147 260 1215 Kc.
285 1147 313 1213 II
337 1149 380 1212 24
403 1150 473 1236 εαζ),
495 1171 595 1234 quam
618 1149 803 1215 Meinekius
828 1149 869 1214 ad
883 1150 1098 1215 'meretricem
1121 1149 1241 1214 referre
1266 1149 1374 1214 noluit

199 1262 220 1328 l.
245 1263 282 1329 l.:
318 1261 542 1349 „quamquam
573 1305 605 1319 ··
637 1267 747 1331 Antea
777 1264 1022 1331 famosissimae
1046 1265 1226 1330 meretricis
1250 1285 1370 1329 nomen

201 1383 253 1444 est
277 1423 282 1432 -
303 1423 308 1432 ·
333 1380 535 1465 Antiphanis
571 1384 684 1445 tamen
719 1380 836 1445 fabula
871 1402 915 1445 an
946 1402 1013 1446 non
1044 1381 1086 1445 ab
1118 1380 1233 1446 eodem
1264 1383 1372 1445 scorto

200 1494 416 1560 denominata
435 1496 488 1578 sit,
507 1498 593 1560 certe
614 1494 760 1561 dubitari
777 1500 898 1582 potest,
915 1496 1077 1581 siquidem
1091 1497 1285 1561 Athenaeus
1297 1496 1372 1560 XIII

170 1597 173 1607 ¹
200 1633 229 1697 p.
255 1612 355 1693 5670,
387 1612 444 1676 ubi
468 1610 508 1676 de
531 1612 758 1677 meretricibus
791 1613 861 1695 agit
884 1633 970 1697 quae
994 1611 1171 1678 comoediis
1195 1633 1316 1677 nomen
1340 1615 1375 1677 et

200 1730 433 1809 argumentum
463 1727 697 1813 praebuerunt,
722 1727 839 1793 Eunici
863 1728 995 1813 quidem
1020 1732 1053 1793 et
1076 1726 1221 1814 Philyllii
1244 1729 1372 1793 Anteas

200 1846 444 1924 commemorat,
471 1842 510 1908 de
526 1843 728 1929 Antiphanis
752 1846 866 1909 autem
886 1842 1004 1908 fabula
1026 1865 1068 1908 ne
1084 1844 1224 1908 verbum
1240 1842 1373 1927 quidem

199 1956 336 2023 addIdit.
370 1957 527 2024 Similiter
549 1981 580 2044 p.
598 1959 689 2023 5860
710 2001 715 2011 -
736 2000 742 2012 ·
763 2001 768 2010 ·
789 1999 795 2012 ·
819 1959 936 2043 Itaque
952 1959 1201 2044 Antiphaneam
1221 1958 1372 2023 fabulam

199 2072 243 2138 ad
277 2074 413 2138 Iobatae
448 2074 554 2139 filiam
584 2074 847 2160 Bellerophontis
882 2095 993 2139 amore
1027 2075 1203 2154 famosam,
1238 2074 1370 2139 Homer.

200 2170 290 2254 Iliad.
308 2189 353 2253 VI
371 2191 434 2254 160
455 2232 459 2240 ·
482 2233 487 2241 -
508 2232 513 2242 ·
536 2233 540 2242 ·
566 2194 735 2276 spectasse
753 2180 919 2255 coniici0.“
953 2189 1018 2255 Sed
1034 2189 1121 2256 idem
1138 2192 1371 2272 argumentum

200 2326 300 2390 supra
323 2304 363 2391 (p.
391 2305 464 2392 115)
489 2305 535 2370 nil
559 2306 654 2370 nobis
684 2305 862 2371 videbatur
889 2305 1015 2371 valere:
1047 2305 1155 2372 denuo
1185 2306 1373 2371 meminerit

199 2420 299 2485 velim
323 2421 506 2487 benevolus
530 2421 633 2487 lector
647 2421 869 2508 Menandreae
885 2421 1021 2487 Thaidis
1037 2421 1092 2486 illo
1109 2422 1180 2487 loco
1196 2403 1370 2486 Athenaeo

199 2539 486 2618 commemoratae,
503 2537 732 2623 Hipparcheae
756 2540 874 2623 postea
896 2537 1056 2603 laudatae
1071 2538 1118 2602 ibi
1134 2537 1314 2620 neglectae.
1329 2575 1370 2583 —

198 2653 245 2716 At
267 2651 399 2716 etiamsi
428 2651 637 2735 redarguItur
667 2653 729 2717 hoc
759 2655 1002 2735 argumentum,
1030 2657 1143 2717 tamen
1167 2650 1371 2718 comoediam

198 2788 294 2852 posse
325 2788 405 2832 sane
436 2767 479 2832 ad
509 2767 697 2833 fabulosam
730 2767 822 2832 illam
845 2770 990 2832 Anteam
1021 2768 1226 2853 spectavisse
1258 2766 1367 2847 dicas3

199 2882 419 2966 concedo:⁸³⁰)
445 2882 503 2948 sed
527 2905 601 2949 curn
625 2882 752 2965 fabula,
777 2883 806 2948 si
830 2904 851 2948 a
875 2886 982 2948 scorto
1007 2882 1223 2956 denominata
1246 2886 1307 2964 est,
1332 2882 1366 2946 in

198 2997 377 3082 prImarum
392 2999 594 3085 Antiphanis
618 2998 862 3064 comoediarum
886 3020 1022 3063 numero
1046 2997 1202 3063 habenda
1218 2998 1268 3080 sit,
1293 2997 1370 3062 hoc

198 3279 280 3316 unam
299 3266 450 3330 memorari,
476 3266 551 3316 cuius
575 3264 713 3332 proprium
740 3281 836 3317 nornen
864 3261 993 3318 Θεόκλεια
1018 3264 1102 3317 tuisse
1130 3265 1228 3317 dicitur
1257 3264 1368 3332 (Athen,

198 3352 265 3403 XIII
283 3353 335 3406 583
346 3357 381 3417 el:
401 3353 536 3404 Theoclea
555 3361 644 3404 autem
664 3352 795 3419 quaedam
818 3354 891 3420 apud
916 3353 1024 3421 Lysiam
1050 3356 1165 3406 occurrit
1190 3356 1226 3418 (in
1246 3370 1283 3405 or.
1303 3352 1371 3420 πρὸς

198 3440 303 3507 Λαίδα)
322 3442 393 3494 inter
412 3458 464 3509 eas,
485 3458 552 3507 quae
572 3439 726 3493 ἐπαύσαντο
751 3440 951 3512 πορνενόμεναι
975 3441 1013 3494 ἔτι
1039 3445 1098 3493 νέαι
1124 3439 1211 3504 οὖσαι,
1236 3458 1370 3494 unacum

197 3529 317 3598 Lagare,
337 3533 427 3583 Antea
446 3537 495 3582 etc.
516 3530 563 3596 (ch
581 3548 606 3598 p.
623 3531 689 3600 120).
709 3531 768 3584 Non
784 3531 890 3585 videtur
908 3532 1002 3585 eadem
1022 3533 1128 3585 Corona
1141 3532 1184 3583 hic
1198 3530 1270 3598 apud
1283 3532 1372 3584 Phile-

197 3624 302 3670 taerum
322 3621 455 3672 nominari
475 3636 543 3685 quae
563 3620 635 3686 apud
654 3621 832 3673 Menandrum
852 3624 879 3674 in
899 3620 1049 3674 Adulatore
1067 3621 1110 3686 (ir.
1125 3621 1184 3687 295,
1209 3619 1242 3672 ct.
1257 3638 1282 3689 p.
1298 3622 1370 3688 132),

198 3713 227 3758 ut
246 3708 331 3759 voluit
349 3709 476 3761 Kocrtius
498 3708 568 3761 Berl.
595 3709 660 3776 phil.
687 3710 782 3762 Woch.
811 3711 888 3777 1907,
917 3711 977 3775 647,
1007 3710 1110 3762 etiamsi
1136 3709 1204 3761 haec
1233 3709 1371 3762 comoedia

198 3796 365 3849 Menandrea
384 3804 480 3864 quarto
499 3799 605 3849 saeculo
625 3800 725 3864 scripta
746 3806 794 3865 est,
816 3797 887 3865 quod
911 3800 969 3851 viro
995 3798 1074 3851 docto
1101 3799 1217 3851 libenter
1242 3797 1368 3850 concedo.

198 3915 232 3922 -
250 3885 392 3953 Diopithes
411 3888 456 3938 ille
477 3889 511 3952 (v.
526 3886 553 3951 2)
572 3887 631 3952 quis
656 3885 747 3948 fuerit,
775 3890 920 3939 nescimus:
948 3886 1064 3939 tortasse
1090 3894 1130 3939 est
1154 3888 1199 3938 ille
1226 3884 1368 3952 Μελιτεύς,

198 3975 242 4040 qui
268 3975 364 4027 harum
390 3976 561 4027 meretrIcum
587 3975 779 4029 consuetudine
799 3993 862 4028 usus
883 3991 939 4028 esse
958 3976 986 4027 in
1006 3991 1043 4028 or.
1064 3976 1179 4028 cNaer.
1199 3975 1262 4044 §48
1281 3974 1372 4026 fertur

198 4061 318 4128 (Kirchn.
345 4079 364 4116 s.
384 4080 424 4116 nr.
446 4065 534 4129 4322).
571 4062 653 4114 Nulla
680 4063 787 4117 videtur
815 4080 895 4117 causa
923 4080 988 4132 csse,
1018 4081 1065 4118 cur
1089 4063 1234 4116 Menandri
1262 4071 1367 4130 patrem

198 4155 387 4219 intellegamus
406 4154 563 4222 (Κηφισιέα,
582 4152 694 4204 Kirehn.
709 4169 728 4205 s.
747 4170 787 4205 nr.
808 4155 899 4220 4319),
919 4161 949 4205 ut
962 4155 1047 4208 voluit
1059 4155 1141 4207 Melo.
1155 4153 1181 4205 h.
1192 4169 1228 4205 cr.
1241 4154 1293 4206 349
1307 4151 1367 4204 adn.

304 4241 349 4308 ³³⁰)
368 4242 534 4309 Quamquam
554 4241 581 4292 in
602 4241 738 4293 comoedia
756 4258 853 4295 nomen
875 4242 1044 4295 Stheneboea
1064 4247 1248 4308 exspectatur:
1274 4240 1369 4305 tragIoi

198 4332 268 4382 enim
287 4333 324 4383 sic
342 4334 459 4383 Anteam
479 4329 655 4398 appellabant
673 4329 718 4394 (cf.
733 4319 858 4397 Apollod.
873 4330 936 4397 112,
952 4332 976 4397 1,
989 4332 1030 4398 3);
1051 4329 1189 4397 Euripidis
1202 4328 1368 4396 tragoediam

198 4418 350 4488 Σθενέβοια
369 4438 392 4473 v.
407 4419 480 4487 apud
497 4419 593 4472 Nauck
612 4418 634 4469 T
649 4418 672 4471 G
685 4416 720 4468 F²
732 4435 758 4484 p.
778 4420 829 4472 567
843 4434 905 4485 sqq.-
