3136 5024
790 314 967 366 ..94-

289 493 333 578 (p.
363 494 405 557 co
439 491 574 579 aanor),
611 513 643 556 v.
675 492 738 556 no
773 490 814 577 (p.
840 492 904 556 106
926 490 1010 578 nr),
1046 490 1099 577 (cf.
1123 490 1194 555 nei.
1220 510 1270 576 ep.
1299 463 1383 556 rust'.
1408 491 1466 573 aa

289 608 435 694 Alciphr.
460 608 488 672 ΙΙ
509 608 566 690 35,
590 607 633 670 ΙΙΙ
661 608 703 671 27
735 606 874 693 (Schep)
907 605 1041 689 Sondag
1070 607 1155 673 Diss.
1187 626 1218 693 p.
1249 602 1292 674 '25
1319 628 1369 693 sq.
1393 606 1466 691 59),

289 723 333 789 cl.
358 726 412 788 Ar.
437 723 514 810 Lys.
542 723 616 788 356.
664 721 729 787 Sed
753 722 789 787 si
818 720 1001 787 Phaedriae
1035 744 1134 791 verus
1166 715 1286 788 titulus
1317 720 1466 788 Alexidis

294 839 429 904 exsistit
475 838 601 921 statim,
627 837 666 903 de
691 859 755 922 quo
779 836 876 902 modo
909 838 1046 920 egimus,
1083 837 1254 904 Phaedrus
1290 842 1467 924 suspectus

293 954 450 1020 redditur.
508 957 618 1040 Atque
652 953 679 1018 si
712 953 786 1037 quis
821 949 1028 1019 contenderit
1061 951 1225 1018 indicibus
1260 950 1465 1037 dialogorum

288 1070 421 1136 illorum
434 1069 585 1135 Platonis
599 1068 892 1145 celeberrimorum,
916 1067 1057 1132 Phaedri
1070 1067 1334 1153 Phaedonisque,
1351 1091 1465 1135 veram

291 1185 470 1251 Alexideae
500 1184 636 1250 fabulae
671 1183 918 1270 inscriptionem
949 1183 1099 1268 Φαιδρίας
1132 1168 1347 1251 obscuratam
1382 1206 1464 1267 esse,

289 1323 351 1385 ego
375 1322 442 1367 non
466 1301 564 1366 nimis
588 1319 783 1386 oppugnem.

654 1464 807 1552 Diphili
837 1465 1106 1554 'srhpndorqe

396 1619 512 1686 Eidem
536 1619 635 1685 classi
660 1613 865 1684 dubitanter
880 1619 1026 1685 attribuo
1057 1619 1180 1706 Diphili
1204 1620 1464 1707 Τιῗςραύστην444)

288 1736 400 1820 (Mein.
424 1736 455 1801 h.
474 1757 515 1801 cr.
540 1736 624 1817 456,
654 1735 715 1801 Ko.
740 1736 768 1800 ΙΙ
792 1736 881 1817 568),
918 1756 1018 1819 quarn
1043 1735 1090 1801 eis
1113 1735 1239 1801 fabulis
1263 1743 1466 1804 annumerat

288 1851 475 1917 Meinekius
491 1852 542 1916 vir
559 1851 769 1917 doctissimus
794 1851 847 1937 (ib.
866 1874 896 1938 p.
911 1852 997 1938 438),
1023 1850 1144 1936 quibus
1164 1850 1341 1935 „aequales
1357 1851 1465 1921 norni-

288 1968 415 2033 natim“
443 1968 679 2052 carpebantur,
703 1966 762 2033 sed
785 1967 913 2033 nullum
936 1970 1117 2053 potuerunt
1137 1967 1340 2049 investigare
1355 1965 1465 2041 virum

287 2084 528 2167 cognominem,
552 2083 688 2149 Persam
705 2083 838 2163 seilicet,
856 2082 998 2149 editores
1014 2082 1285 2166 fragmentorum,
1306 2081 1466 2168 adquam

288 2199 410 2265 titulus
422 2203 648 2264 revocaretur:
671 2201 742 2265 iure
758 2188 900 2265 Meinek.
912 2202 1035 2281 monet,
1064 2220 1124 2284 „ne
1141 2198 1234 2264 illurn
1246 2194 1468 2264 Tithrausten

286 2315 457 2396 intelligas
474 2353 517 2362 --
534 2315 590 2399 qui
615 2336 689 2380 curn
705 2315 901 2380 Artaxerxis
918 2314 1019 2380 fuerit
1038 2314 1105 2379 dux
1120 2314 1207 2397 belli,
1232 2313 1467 2400 Tissaphernis

287 2452 470 2512 successor,
494 2435 698 2496 memoratus
714 2432 856 2498 Diodoro
874 2431 936 2497 Sic.
949 2431 1027 2496 XIV
1039 2434 1058 2497 8
1076 2431 1226 2515 aliisque,
1250 2430 1348 2497 facile
1365 2431 1467 2497 intel-

290 2545 410 2628 legitur
421 2545 552 2632 Diphilo
565 2545 701 2611 fabulae
718 2550 951 2628 argumentum
967 2547 1123 2632 praebere
1139 2567 1207 2611 non
1218 2546 1398 2633 potuisse.“
1413 2547 1467 2633 ²⁴³)

287 2661 398 2742 Quare
424 2682 545 2744 vereor,
570 2683 611 2728 ne
636 2661 787 2749 Diphilus
812 2684 886 2727 oum
910 2662 1054 2727 nobilem
1073 2660 1218 2746 aliquem
1233 2661 1371 2726 Persam
1395 2659 1467 2746 (sed

290 2798 503 2862 nequaquam
527 2782 653 2843 certum
676 2779 781 2864 ipsius
805 2778 992 2862 aequalem)
1018 2776 1191 2864 depingere
1214 2776 1368 2858 voluerit,
1396 2776 1466 2843 ior-

286 2896 381 2957 tasse
404 2894 497 2959 vitiis
520 2893 666 2959 ridiculis
688 2894 862 2976 insignem,
887 2889 1050 2981 ἀλαζονείᾳ
1065 2895 1180 2979 opinor
1195 2897 1230 2958 et
1244 2891 1464 2979 impudicitia,

286 3009 319 3073 ei
358 3030 479 3074 nomen
516 3008 715 3094 Τιῗςραύστης
753 3010 947 3095 imposuerit
978 3031 1019 3073 ex
1048 3008 1106 3073 illo
1136 3012 1273 3094 satrapa
1308 3007 1465 3074 omnibus

290 3125 480 3211 5016111444)
528 3124 686 3190 Conferas
717 3124 927 3190 Pharnabazi
957 3145 1078 3190 nomen
1109 3123 1208 3189 simili
1238 3122 1335 3189 modo
1367 3123 1464 3188 adhi-

291 3239 397 3304 bitnm
420 3241 455 3304 in
475 3240 641 3325 Epicratis
664 3240 851 3322 fragmento
871 3240 939 3322 27¹3,
959 3239 1225 3326 17(K0.11283)
1250 3243 1284 3305 et
1300 3238 1464 3305 eiusmodi

286 3358 445 3447 satrapae
469 3354 721 3441 descriptionem
745 3353 835 3441 apud
857 3355 1053 3421 Machonem
1070 3355 1236 3420 Athenaei
1256 3352 1463 3429 Χ1Π5815,

286 3470 405 3536 eadem
429 3469 469 3535 de
493 3492 597 3535 causa
620 3470 787 3535 Poenulus
811 3470 988 3561 Plautinus
1012 3474 1153 3535 vocatus
1177 3473 1230 3535 est
1251 3468 1384 3535 Hanno.

392 3665 467 3730 Non
490 3665 539 3730 ita
562 3686 703 3750 parvum
727 3664 968 3730 comoediarum
992 3686 1166 3729 numerum
1199 3661 1314 3731 vidisti
1340 3664 1406 3729 hac
1428 3663 1463 3730 in

231 3790 235 3803 '
286 3783 485 3866 quaestione
521 3782 617 3847 nobis
651 3781 756 3847 fuisse
788 3779 1006 3846 afferendum.
1054 3778 1119 3844 Sed
1149 3776 1341 3845 etiamnunc
1371 3785 1461 3861 sunt,

396 4011 438 4079 ²⁴²)
457 4012 538 4079 Apud
558 4012 655 4065 Athen.
675 4011 821 4078 x1484e,
846 4011 892 4063 ubi
910 4017 1032 4063 unumst
1048 4012 1134 4063 solum
1153 4007 1306 4062 comoediae
1325 4004 1464 4076 fragmen·

288 4109 345 4154 tum
365 4103 508 4168 invenitur,
528 4102 656 4153 librorum
676 4101 754 4152 lectio
775 4107 815 4152 cst
834 4105 1008 4170 πιθραυσιηι,
1027 4099 1099 4166 quod
1112 4101 1169 4151 sinc
1182 4097 1264 4152 dubio
1282 4104 1355 4150 recte
1374 4114 1463 4152 emen-

286 4190 363 4243 davit
381 4191 564 4244 Casaubouus.

395 4278 438 4344 ²⁴³)
457 4278 497 4334 Cf.
523 4279 556 4331 de
580 4279 630 4331 hoc
655 4278 811 4330 Tithrauste
834 4278 902 4329 Xon.
923 4277 994 4330 llell.
1014 4277 1053 4328 III
1072 4278 1097 4343 4,
1117 4277 1151 4330 25
1170 4292 1226 4344 sq.;
1244 4276 1316 4344 5,1-,
1333 4273 1414 4329 Isoor.
1432 4276 1461 4341 4,

287 4368 355 4434 146,
376 4368 462 4421 Schol.
482 4368 558 4420 Dem.
572 4367 610 4419 IV
624 4367 671 4433 16,
690 4367 760 4419 Plut.
775 4372 854 4432 Ages.
870 4367 918 4432 10;
938 4367 1016 4420 Paus.
1030 4366 1069 4418 ΙΙΙ
1083 4364 1108 4433 9',
1122 4366 1153 4432 7,
1173 4364 1301 4434 Polyacn.
1317 4360 1366 4417 vn
1379 4364 1422 4431 16,
1436 4365 1460 4419 1.

396 4455 438 4523 ²⁴⁴)
457 4459 500 4508 An
520 4456 635 4510 fortasse
655 4456 739 4508 falsus
753 4456 834 4509 Persa
848 4457 872 4506 in
888 4454 983 4508 fabula
1002 4455 1110 4522 prodiit,
1130 4461 1159 4507 ut
1177 4456 1205 4507 iu
1218 4446 1301 4508 Persii
1312 4451 1462 4506 Plautina?
