3136 5024
690 249 885 301 -151-

201 427 352 507 creditur,
378 431 412 492 et
428 426 507 491 dicit
523 427 584 491 hoc
601 425 701 491 schol.
720 426 820 491 Arist.
838 425 858 491 l.
876 425 914 490 l.:
938 419 1017 510 αὕτη
1039 424 1072 489 δὲ
1089 402 1143 510 (sc.
1162 424 1248 509 Λαίς)
1271 422 1373 506 tarra·
1441 487 1443 490 .

201 567 256 627 τηρ
279 533 317 627 ἦν
340 541 524 627 Τιμάνδρας,
547 537 617 626 ἥτις
640 540 672 618 ἐξ
690 536 854 626 Ὑκκάρων
880 538 935 624 τῆς
959 540 1102 632 Σικελίας
1124 532 1180 623 ip:
1198 561 1295 624 ⁴quae
1321 561 1373 605 se·
1449 564 1451 575 ’

200 663 357 742 quuntur,
388 659 435 723 eis
464 657 592 722 nullam
615 656 717 721 fidem
742 656 925 742 tribueffiq
961 641 1157 742 Dionysium
1192 660 1372 741 tyrannum

200 769 399 856 Philoxeno,-
417 776 535 858 poetae
560 772 812 858 dithyrambico,
838 792 912 836 eam
929 769 1071 836 donasse
1096 774 1197 855 atque
1222 792 1295 836 cum
1312 771 1374 835 hoe

200 889 332 954 venisse
357 888 562 954 Corinthum:
586 909 665 951 nam
688 890 765 972 post
787 886 968 957 Alcibiadis
992 891 1131 951 mortem
1154 886 1373 951 Philoxenum

200 1004 374 1090 Syracusis
406 1008 645 1068 commoratum
677 1023 749 1067 esse
778 1001 867 1088 apud
890 1002 1087 1087 Dionysium
1112 1007 1374 1068 consentaneum

91 1184 92 1188 ,
195 1123 261 1208 est.
294 1119 472 1183 Praeterea
495 1118 714 1183 haecomnia
737 1118 779 1182 ab
796 1116 898 1182 Laide
919 1115 961 1181 ad
977 1116 1191 1182 Timandram
1207 1117 1373 1183 translata

200 1256 272 1300 esse
306 1233 477 1316 videntur,
513 1232 601 1317 quod
633 1233 725 1297 enim
761 1232 855 1298 addit
889 1232 1070 1298 scholiasta
1104 1234 1238 1316 ,λέγουσι
1267 1233 1300 1299 δὲ
1325 1228 1374 1298 ὅτι
1466 1316 1468 1321 Ι

200 1349 267 1434 ἅμα
292 1349 488 1438 Ἀλεξάνδρῳ
519 1346 714 1433 ἀπεδήμησεν
745 1349 787 1423 εἰς
820 1351 938 1432 Πέρσας
962 1349 998 1412 ἐκ
1021 1349 1191 1432 Κορίνῖῖῡυ·*
1218 1347 1373 1413 Thaidi
1420 1344 1424 1352 ’

200 1464 310 1529 deberi
325 1464 411 1530 vidit
426 1464 699 1529 Hemsterhnsius
717 1463 768 1549 (cf.
788 1486 888 1549 supra
910 1486 940 1548 p.
956 1465 1042 1551 139),
1060 1470 1094 1529 et
1109 1486 1176 1529 non
1193 1464 1373 1529 Timandra

200 1585 234 1645 et
257 1581 359 1645 Thais
384 1578 683 1662 confundebantur,
715 1579 772 1644 sed
797 1578 951 1644 videlicet
967 1579 1045 1645 Lais
1069 1584 1104 1645 et
1119 1579 1230 1645 Thais.
1264 1579 1372 1659 Quare

198 1712 321 1778 vereor,
353 1717 394 1760 ne
425 1697 527 1761 etiam
557 1696 646 1777 origo
670 1695 850 1760 Siciliensis
874 1694 1073 1760 Timandrae
1105 1716 1122 1760 e
1155 1695 1268 1760 Laidis
1299 1700 1373 1761 orta
1441 1764 1446 1775 ,

199 1812 252 1892 sit,
285 1816 386 1896 atque
404 1810 525 1876 fateor
552 1811 616 1875 hac
639 1811 673 1874 in
696 1832 730 1874 re
754 1809 879 1896 aliquid
902 1811 1011 1875 inesse
1036 1810 1255 1876 difficultatis.
1300 1811 1373 1876 ⁴Sed

197 1947 239 1991 ne
262 1926 324 1991 hoc
348 1925 641 2010 quidemcausam
664 1926 831 2011 praebuit,
864 1947 921 1990 cur
954 1924 1037 1990 duas
1077 1926 1217 1991 vellent:
1248 1931 1372 2012 putant

190 2043 286 2119 ‚enim
310 2042 467 2106 maiorem
484 2040 620 2106 Laidem
637 2041 840 2106 Corinthiam
863 2041 977 2122 fuisse,
1003 2042 1163 2106 minorem
1182 2042 1371 2127 Hyecaren-

200 2178 270 2222 sem
293 2157 399 2222 filiam
416 2156 624 2226 Timandrae.
663 2157 733 2222 Hoc
749 2178 853 2221 unum
870 2156 1094 2223 addubitabat
1108 2157 1283 2250 Jacobsius
1301 2157 1332 2243 (l.
1349 2158 1370 2223 l.

200 2295 229 2358 p.
248 2273 339 2357 225),
365 2294 445 2337 num
469 2276 556 2337 reete
580 2295 610 2339 a.
627 2275 705 2337 415
730 2277 857 2358 capta
880 2272 959 2337 Lais
987 2274 1093 2338 minor
1123 2273 1248 2339 tradita
1271 2278 1369 2356 esset,

200 2391 381 2472 natamque
405 2388 492 2452 hanc
513 2388 665 2453 fabulam
690 2409 762 2453 esse
779 2388 918 2453 coniecit
941 2409 959 2451 e
975 2388 1111 2453 minoris
1128 2388 1240 2454 Laidis
1257 2393 1370 2455 aetate

199 2525 274 2568 cum
297 2504 431 2568 maioris
456 2503 605 2569 confusa.
653 2503 718 2568 Sed
748 2504 888 2589 primum
919 2503 1047 2586 ideirco,
1079 2503 1173 2590 quod
1194 2505 1272 2570 Lais
1302 2505 1371 2591 ple·
1412 2523 1415 2530 '

197 2639 336 2702 rumque
360 2619 529 2683 Corinthia
556 2618 660 2683 fuisse
690 2619 890 2704 perhibetur,
922 2640 1135 2703 nequaquam
1166 2620 1262 2684 nobis
1293 2619 1395 2692 Lais,

199 2733 363 2818 quaedam
386 2755 463 2798 vere
487 2734 657 2799 Corinthia
678 2733 881 2818 procreanda
905 2737 971 2799 est:
996 2735 1023 2798 si
1047 2733 1203 2819 puellula,
1229 2735 1278 2800 uti
1302 2740 1370 2800 tra-

198 2848 282 2914 dunt
304 2853 444 2930 veteres,
463 2849 655 2914 Corinthum
672 2849 775 2930 venit,
800 2850 846 2913 ihi
870 2848 1026 2930 adolevit,
1046 2849 1093 2913 ibi
1109 2851 1263 2915 meretrix
1279 2851 1371 2915 facta

198 2968 258 3045 est,
283 2965 329 3030 ibi
353 2965 491 3047 gloriam
515 2986 612 3029 suam
636 2965 700 3030 sibi
723 2965 858 3050 peperit,
890 2985 971 3028 eane
1003 2986 1070 3029 non
1098 2968 1149 3029 est
1172 2965 1369 3047 mirandum,

197 3079 285 3164 quod
308 3080 439 3165 plurimi
470 3083 504 3144 et
534 3080 691 3164 aequales
723 3084 757 3145 et
784 3081 980 3165 posteriores
1014 3102 1071 3165 pro
1096 3081 1266 3146 Corinthia
1296 3102 1370 3146 eam

197 3195 368 3260 habebant
399 3217 512 3261 veram
543 3197 686 3282 patriam
717 3198 764 3261 nil
795 3201 959 3262 curantes.
984 3237 1028 3244 —-
1058 3198 1156 3262 Porro
1185 3196 1291 3261 filiam
1315 3197 1371 3261 Ti·
1451 3209 1453 3212 ⁴

197 3310 364 3394 mandrae,
390 3311 570 3377 Alcibiadis
595 3314 731 3395 amicae,
757 3316 833 3398 post
856 3335 981 3378 annum
999 3314 1063 3377 380
1080 3316 1196 3377 natam
1213 3334 1285 3378 esse
1302 3334 1373 3398 non

197 3425 386 3491 crediderim
395 3428 462 3513 aq,
479 3428 580 3510 igitur
596 3427 639 3492 ad
655 3428 813 3493 maiorem
829 3432 942 3493 essent
964 3427 1155 3493 referendae
1173 3427 1373 3493 comicorum¹

197 3541 426 3608 cavillationes
440 3542 581 3628 (praeter
592 3543 764 3629 Theophili
780 3543 923 3608 fortasse
936 3565 1080 3624 versum,
1094 3542 1133 3608 de
1147 3564 1210 3628 quo
1223 3566 1255 3608 v.
1270 3565 1371 3628 supra

197 3678 227 3741 p.
241 3658 326 3742 146),
344 3657 465 3744 Lysiae
479 3659 593 3739 oratio,
610 3659 766 3743 Aristippi
779 3658 983 3724 consuetudo
996 3659 1217 3743 Diogenisque
1231 3700 1272 3704 —
1282 3658 1370 3744 apud

303 3852 348 3918 317)
368 3853 473 3905 Desunt
493 3855 520 3904 in
540 3854 616 3906 codd.
637 3854 661 3906 R
680 3862 705 3905 et
720 3854 750 3905 V.
765 3886 799 3892 -
813 3853 853 3906 uf.
874 3853 1006 3907 Freeman
1028 3855 1044 3905 l.
1060 3855 1078 3908 l.
1101 3854 1172 3919 (ndu.
1186 3854 1249 3911 306)
1269 3870 1293 3919 p.
1308 3855 1368 3905 591.

303 3940 347 4009 378)
368 3942 449 4010 Apud
469 3943 587 3995 llcmetr.
608 3962 635 3994 n.
650 3944 709 4013 ἑρμ.
724 3944 740 4013 ξ
753 3945 804 3997 302
819 3945 917 3995 citatur
936 3943 949 3994 ὁ
965 3943 1012 4012 τῆς
1031 3940 1188 4012 Τιμάνδρας
1201 3942 1369 4011 κατι,γορών,

196 4046 275 4097 quom
294 4031 460 4098 Hyperidem
480 4047 536 4082 csse
557 4048 596 4097 eo,
616 4031 685 4097 quod
705 4033 784 4084 huius
807 4034 956 4084 orationem
981 4032 1048 4100 πρὸς
1078 4032 1236 4101 Τι’μανδρον
1255 4029 1326 4081 Suid.
1348 4046 1367 4083 s.

196 4116 343 4186 παιδάριον
362 4120 451 4186 affert,
471 4136 640 4186 nequaquam
659 4123 803 4172 evincitur:
824 4122 907 4173 voluit
924 4121 974 4173 hoc
988 4121 1206 4173 Henrsterhusius
1227 4119 1272 4184 (ad
1286 4120 1367 4170 schol.

196 4209 277 4261 Arist.
300 4209 368 4260 Plnt.
393 4210 454 4275 179)
482 4217 561 4275 atque
588 4217 694 4261 secutus
719 4217 760 4261 est
783 4211 902 4261 blaseius
929 4210 969 4260 od.
990 4209 1073 4277 llyp.³
1093 4228 1117 4277 p.
1140 4209 1198 4261 122.
1237 4207 1288 4259 Sed
1309 4207 1368 4259 vide

196 4297 267 4361 apud
287 4297 397 4349 h'irchn.
417 4299 442 4349 ll
461 4299 514 4351 308
533 4307 587 4350 tres
607 4300 678 4350 viros
702 4299 807 4349 nomine
839 4300 1006 4368 Τιμαγόραν,
1035 4300 1164 4364 equibus
1191 4299 1220 4363 is,
1250 4298 1293 4362 qui
1321 4296 1368 4347 sub

197 4401 306 4437 numero
328 4387 414 4440 13004
433 4389 536 4454 positus
556 4394 605 4454 est,
625 4395 720 4452 quarto
740 4389 847 4439 sacculo
868 4396 932 4440 erat.
