3136 5024
697 242 732 250 -.
768 161 804 264 40
839 241 888 264 ..,

201 383 342 473 buerint
356 389 488 455 videtur
504 390 684 473 excogitari
698 410 805 475 posse,
826 410 927 474 quam
944 388 1026 454 belli
1037 367 1264 456 Chremonidei
1279 389 1374 474 finis¹

200 528 265 596 quo
282 507 462 592 composito
487 504 547 592 (01.
566 508 639 588 128,
665 507 686 567 3
709 535 753 563 =
775 506 852 593 266)
882 499 967 588 κοινὴ
994 498 1120 590 ὁμόνοια
1141 510 1207 583 τοῖς
1217 500 1376 590 Ἕλλησιν

200 624 328 707 ἐγένετο.
343 665 349 676 ·
365 664 369 673 -
385 665 390 675 ·
405 642 608 707 quamquam
621 620 649 686 si
661 620 744 686 haec
760 621 948 685 coniectura
964 641 1044 686 vera
1056 624 1118 704 est,
1131 625 1249 707 poetae
1261 621 1374 687 vitam

199 737 371 803 Menandri
403 741 549 802 aetatem
574 757 749 822 superasse
776 757 910 802 neeesse
939 739 1008 801 est“
1041 735 1080 823 (H
1106 737 1190 819 4343
1214 736 1255 803 cf.
1280 737 1372 825 386).

94 926 96 932 s
198 852 264 919 Sed
288 853 359 918 sine
383 852 457 918 aliis
474 852 674 917 testimoniis
690 872 757 916 non
770 851 879 916 ausim
894 855 1028 917 tantum
1043 851 1206 917 Heniochi
1221 856 1373 918 aetatem

199 967 385 1051 extendere,
404 968 557 1052 quamvis
581 988 648 1033 non
671 968 818 1050 ignorem
837 966 1063 1055 Philemonem
1087 966 1214 1033 mediae
1239 989 1372 1035 comoe-

199 1083 273 1149 diae
297 1087 447 1170 tempora
471 1083 693 1165 attingentem
703 1082 739 1169 75)
770 1083 876 1147 vitam
907 1103 1013 1168 usque
1043 1081 1086 1149 ad
1116 1081 1240 1148 bellum
1269 1083 1371 1149 Chre·
1437 1130 1445 1135 -

198 1198 388 1264 monideum
412 1197 616 1284 produxisse,
628 1198 664 1282 ⁷⁶)
689 1202 791 1282 atque
807 1197 978 1263 Alexidem
995 1203 1029 1263 et
1052 1197 1180 1264 mediae
1204 1185 1371 1265 et'novae

198 1315 401 1400 temporibus
426 1313 586 1380 docuisse.
634 1312 699 1378 Sed
727 1312 811 1378 talia
840 1334 909 1380 non
939 1318 1020 1378 sunt
1048 1317 1172 1380 temere
1202 1313 1369 1397 augenda.

198 1430 405 1495 Heniochum
429 1428 557 1494 mediae
582 1427 770 1494 comoediae
799 1432 932 1514 poetam
958 1428 1064 1494 fuisse
1088 1433 1122 1494 et
1145 1429 1266 1495 Suidas
1289 1452 1317 1496 s.
1336 1452 1368 1496 n.

198 1549 343 1611 testatur
368 1549 402 1610 et
424 1544 685 1628 fragmentorum
715 1543 823 1609 indole
854 1544 937 1609 satis
968 1543 1223 1627 demonstratur,
1257 1544 1298 1610 cf.
1316 1548 1369 1611 in*-

197 1661 311 1746 primis
347 1660 386 1727 fr.
414 1664 429 1724 1
463 1665 498 1725 et
527 1660 547 1724 3
577 1659 638 1727 Ko.
680 1659 906 1739 'Quamobrem
937 1660 1061 1726 conicio
1092 1661 1190 1726 urbes
1223 1660 1369 1726 fortasse

197 1777 231 1840 in
256 1775 426 1841 comoedia
440 1775 632 1840 Heuioohea
654 1774 727 1840 ideo
744 1774 930 1862 Olympiam
947 1776 1150 1859 convenisse,
1175 1775 1280 1841 festos
1297 1775 1368 1842 dies
1416 1830 1422 1836 .

197 1894 236 1956 ut
266 1890 470 1956 celebrarent
501 1885 640 1956 Graecia
669 1911 727 1976 per
749 1889 936 1977 Philippum
956 1879 1108 1956 liberata
1137 1894 1238 1975 atque
1270 1893 1368 1976 quasi

197 2007 403 2089 consociata;
434 2006 654 2071 reminiscaris
684 2005 784 2070 velim
815 2005 940 2071 concilii
973 2006 1061 2071 illius
1094 2011 1229 2071 auctore
1256 2006 1367 2073 Mace-

164 2125 170 2136 '
197 2120 282 2187 done
306 2126 340 2188 et
367 2123 586 2205 gubernatore
611 2121 757 2187 Corinthi
786 2121 894 2187 habiti
924 2121 1120 2206 illorumque
1151 2119 1366 2204 decretorum,
1409 2098 1412 2105 ¹

197 2258 282 2323 quae
307 2237 346 2302 de
369 2259 450 2323 pace
474 2241 576 2321 atque
599 2236 753 2302 libertate
770 2237 917 2302 omnium
933 2237 979 2301 ibi
993 2237 1123 2303 fiebant
1140 2236 1192 2322 (of.
1210 2236 1369 2303 Sohaefer

196 2353 288 2418 Dem.
306 2353 364 2417 ΙΙΙ2
387 2357 427 2419 ol
454 2374 541 2437 sqq.;
564 2352 686 2417 Beloch
711 2351 837 2418 Grieoh.
856 2351 973 2418 Gesch.
991 2353 1020 2416 II
1044 2354 1108 2417 572
1132 2353 1226 2439 sqq.).
1273 2353 1367 2433 Quae

198 2469 386 2533 coniectura
401 2468 431 2532 ei
447 2466 594 2534 subsidio
612 2472 673 2550 est,
691 2469 748 2552 qui
763 2468 980 2555 Polyeuctum
997 2468 1133 2533 titulum
1145 2467 1189 2532 ad
1201 2471 1367 2533 oratorem

197 2583 471 2649 Macedonum
495 2584 714 2648 inimicum
738 2582 812 2649 vult
834 2583 963 2666 referre,
988 2584 1037 2649 ita
1061 2586 1100 2648 ut
1114 2583 1305 2648 Heniochus
1321 2583 1366 2649 ab

196 2698 350 2764 isocratis
374 2699 526 2785 partibus
547 2700 681 2765 stetisse
697 2703 833 2786 putetur
848 2698 1119 2764 Macedonum
1142 2699 1286 2764 amico.
1323 2698 1368 2764 Et

196 2813 340 2880 Urbibus
364 2814 430 2898 illa,
456 2837 541 2901 quae
565 2816 723 2902 inscripta
746 2815 850 2882 fuisse
872 2814 1014 2896 videtur,
1045 2815 1163 2880 fabula
1192 2814 1366 2880 studuitne

196 2929 239 2995 ad
262 2930 386 2996 bellum
402 2931 577 2997 Persarum
600 2931 855 2996 Atheniensium
871 2931 1000 2996 animos
1016 2930 1225 2996 inflammare
1241 2931 1366 3016 poeta?

537 3168 837 3238 Anaxandridis
865 3169 1025 3258 Νηρεύς.

302 3329 547 3396 Anaxandridis
578 3330 765 3396 comoediae
789 3329 908 3416 Νηρεύς
935 3330 1121 3417 appellatae
1146 3329 1254 3416 (Mein.
1271 3330 1304 3395 h.
1322 3351 1364 3395 cr.

59 3526 63 3533 Ι
119 3463 121 3468 ’
196 3447 275 3528 372;
299 3445 360 3511 Ko.
377 3446 405 3510 ll
432 3448 504 3533 145)
529 3446 590 3512 hos
614 3448 764 3512 servavit
784 3468 902 3512 versus
926 3446 1046 3512 Athen.
1064 3445 1124 3510 Vll
1147 3446 1212 3510 295
1236 3467 1253 3511 e

408 3572 422 3644 ὃ
446 3579 564 3664 πρῶτος
586 3573 677 3666 εὑρὼν
699 3580 858 3657 πολντελὲς
880 3575 998 3665 τμητὸν
1022 3581 1102 3665 μέγα

407 3692 538 3778 γλαύκου
561 3693 720 3780 πρόσωπον
742 3693 798 3761 τοῦ
822 3693 849 3760 τ’
877 3692 1032 3780 ἀμύμονος
1059 3697 1157 3779 δέμας

407 3809 517 3876 hirnea
541 3809 583 3876 τοί
606 3809 636 3875 τ’
664 3807 743 3877 ἄλλα
768 3804 905 3896 βρώματ’
932 3809 964 3889 ἐξ
987 3805 1081 3896 ὑγρᾶς
1104 3803 1176 3885 ἁλὸς

407 3923 559 4011 Νηρεὺς
582 3935 719 3992 κατοικεῖ
741 3925 827 3992 τόνδε
851 3923 955 3991 πάντα
978 3921 1030 3991 τὸν
1054 3926 1157 4006 τόπον,

195 4057 282 4123 unde
307 4059 458 4123 homines
482 4058 571 4125 docti
595 4060 783 4125 conclusere
808 4060 903 4143 coqui
919 4058 983 4123 illis
1000 4058 1204 4145 temporibus
1228 4057 1366 4122 celebris

300 4251 334 4317 ⁷⁵)
354 4253 394 4305 Cf.
415 4254 536 4320 Wagner
554 4254 623 4307 Diss.
643 4272 669 4321 p.
689 4256 731 4307 ⁶28.

301 4339 334 4408 ⁷⁶)
354 4341 394 4395 Cf.
415 4343 508 4395 Dietze
527 4343 597 4396 Diss.
617 4360 642 4410 p.
662 4346 687 4396 4.
