3136 5024
640 213 800 265 ,9-

831 373 834 381 ι

239 390 304 456 Sed
328 390 395 483 alia
411 391 558 456 exoritur
579 391 732 475 quaestio
753 390 858 456 multo
883 391 1014 479 gravior
1037 393 1071 456 et
1094 391 1191 456 nobis
1210 393 1305 478 quasi

131 506 320 594 principalis
346 510 446 591 atque
471 507 505 571 in
522 507 676 572 omnibus
692 507 800 572 titulis
822 527 950 592 semper
966 505 1092 590 eadem,
1118 507 1305 574 comoediae

131 603 214 687 illae
233 626 344 686 utrum
369 621 603 710 denominatae
628 623 695 687 sint
719 644 740 688 a
764 623 861 687 certis
880 621 1081 707 quibusdam
1104 622 1304 705 hominibus,

132 738 189 822 qui
204 740 377 824 poetarum
394 741 506 803 aetate
524 736 589 822 (vel
612 738 727 824 antea)
752 738 917 820 vixerunt,
940 759 984 802 an
1001 760 1021 803 a
1036 739 1195 824 personis,
1220 760 1305 823 quae

132 873 315 937 numquam
338 874 453 918 veram
476 853 656 918 habuerint
677 854 794 935 vitam,
820 853 878 918 sed
902 853 944 918 ab
968 854 1109 936 ingeniis
1132 855 1306 940 poetarum

132 969 333 1051 cogitatione
349 969 418 1034 sint
433 973 624 1054 procreatae
641 971 675 1033 et
698 969 741 1034 ab
761 967 866 1034 isdem
883 971 1064 1035 exornatae
1081 968 1146 1034 illis
1163 969 1304 1035 nomini-

132 1084 206 1166 bus,
224 1106 309 1169 quae
326 1104 383 1149 cur
399 1084 557 1165 elegerint
573 1089 633 1149 aut
648 1085 863 1171 perspicimus
881 1089 942 1150 aut
957 1085 1134 1150 nescimus
1160 1084 1306 1170 Utroque

132 1199 229 1265 rnodo
253 1199 387 1264 fabulas
410 1200 559 1285 potuisse
583 1200 695 1265 vocari
719 1200 828 1284 quivis
851 1198 948 1265 facile
973 1199 1140 1266 concedet.
1185 1200 1306 1265 Prioris

132 1319 233 1397 notae
263 1314 414 1401 exempla
445 1315 528 1380 satis
560 1336 722 1402 superque
753 1319 890 1380 exstant
920 1319 954 1380 et
984 1315 1072 1380 infra
1101 1316 1204 1401 primo
1234 1315 1306 1380 loco

133 1430 376 1512 tractabuntur,
389 1431 1306 1517 posteriorisstatimLysistrataeAristophaneae

131 1545 246 1611 lectori
274 1546 309 1610 in
339 1548 485 1611 mentem
515 1547 640 1611 veniat.
687 1545 799 1631 Nuper
829 1549 989 1628 negatum
1013 1544 1145 1631 quidem
1170 1549 1222 1610 est
1244 1546 1307 1611 hoc

132 1661 236 1726 fuisse
260 1662 439 1744 genuinum
457 1661 645 1726 comoediae
669 1660 805 1726 titulum
830 1662 872 1726 ab
893 1661 964 1746 ipso
985 1664 1085 1747 poeta
1107 1661 1306 1747 profectum:

132 1776 278 1841 Haasius
290 1776 311 1841 l.
322 1776 343 1841 1.
353 1775 440 1862 (adn.
456 1778 507 1864 18)
524 1777 538 1840 Ι
550 1800 580 1862 p.
590 1778 634 1841 48
647 1775 788 1841 indicem
800 1773 1043 1865 Ἀδωνιιίζουσαι
1054 1775 1304 1862 praeferendum

133 1892 305 1957 existimat
335 1891 406 1957 coll.
424 1892 524 1957 schol.
543 1890 586 1956 ad
609 1914 641 1957 v.
660 1893 724 1956 389
748 1887 797 1957 ὅτ’
822 1889 1037 1976 Ἀδωνιασμὸς
1060 1885 1224 1975 ·Ἓορτὴν
1247 1888 1305 1977 γὰρ

132 2008 289 2073 caseatos
312 2011 356 2095 τῷ
376 2005 520 2073 Ἀδώνιδι
542 2005 575 2072 αἱ
596 2015 737 2091 γυναῖκες
752 2004 806 2071 καί
821 2002 938 2091 artabat
957 2001 1045 2083 τινὰς
1059 2008 1103 2083 εἰς
1117 2001 1160 2071 τὰ
1175 2006 1308 2091 δώματα

133 2120 284 2208 ἀνέφερον.
324 2122 404 2199 τινὲς
426 2124 489 2188 δ’ἐκ
512 2118 620 2188 τούτου
643 2117 678 2188 τὸ
703 2119 806 2207 δρᾶμα
825 2119 1073 2198 Ἀδωνιαζούσας
1096 2123 1307 2208 ἐπιγράφουσιν

133 2235 166 2302 οὐ
182 2237 294 2318 καλῶς,
310 2260 389 2303 narn
409 2239 516 2321 „chori
532 2259 654 2303 nomen
670 2277 711 2285 —
732 2239 761 2303 si
776 2237 912 2302 fabulae
929 2235 1070 2303 alicuius
1087 2241 1209 2319 exstat,
1227 2237 1307 2322 quin

133 2355 314 2436 genuinum
338 2359 372 2419 et
395 2375 416 2418 a
438 2357 538 2440 poeta
560 2355 632 2440 ipso
657 2353 845 2419 adhibitum
868 2353 913 2418 sit
935 2354 994 2418 vix
1024 2352 1175 2418 dubites“
1204 2352 1307 2437 (Haas

133 2469 153 2532 l.
171 2469 213 2556 l.).
249 2468 314 2534 Sed
331 2490 534 2554 quamquam
551 2490 666 2534 verum
682 2473 744 2551 est,
761 2468 795 2533 id
812 2469 900 2553 quod
914 2468 1062 2534 Haasius
1078 2468 1204 2534 tabulis
1227 2469 1306 2550 suis,

30 2608 33 2611 ·
135 2584 256 2668 quibus
272 2585 431 2669 antiquae
449 2584 637 2651 comoediae
649 2585 767 2650 titulos
783 2585 818 2649 in
831 2584 955 2650 classes
972 2584 1118 2667 digestos
1135 2583 1309 2669 descripsit

134 2698 164 2784 (l.
182 2698 202 2764 1.
220 2699 249 2763 II
272 2723 302 2786 p.
319 2701 478 2786 tri-52),
509 2700 584 2766 vult
615 2700 852 2780 demonstrare,
883 2701 998 2784 quinto
1030 2699 1162 2764 saeculo
1191 2703 1308 2784 poetas

134 2816 275 2880 comicos
299 2816 470 2902 saepius
494 2815 602 2881 titulis
626 2816 760 2881 achoro
778 2816 894 2880 tractis
919 2837 997 2880 usos
1022 2835 1104 2897 esse,
1129 2818 1243 2880 tamen
1267 2835 1309 2878 ex

134 2931 214 3016 ipsis
230 2930 294 2995 illis
311 2931 436 2996 tabulis
453 2931 592 3016 quilibet
608 2930 713 2996 discet
728 2952 770 2995 ne
791 2931 906 3017 quinto
924 2930 1056 3015 quidem
1073 2929 1205 2995 saeculo
1222 2929 1309 2994 hanc
1392 3017 1393 3020 Ἴ

133 3047 297 3111 rationem
327 3047 500 3112 titulorum
531 3045 794 3112 adhibendorum
825 3047 958 3111 unicam
989 3045 1094 3111 fuisse
1126 3048 1160 3110 et
1194 3045 1308 3127 singu-

134 3160 288 3248 larem.¹⁴)
320 3162 419 3228 Porro
433 3163 581 3228 choricns
595 3161 723 3245 t'tulus‚
742 3162 799 3246 qui
811 3161 868 3226 alii
880 3161 1097 3247 praeferatur,
1115 3159 1308 3245 aliquantu-

134 3275 203 3340 lum
234 3276 353 3342 saltem
384 3277 572 3343 comoediae
589 3277 839 3360 accomodatus
864 3278 909 3343 sit
931 3297 1066 3342 necesse
1097 3278 1163 3359 est;
1194 3276 1309 3360 itaque

134 3534 229 3586 titulus
249 3541 307 3585 erat
326 3533 517 3606 Κληρούμινοι
534 3536 656 3604 (Diphili,
676 3538 735 3589 Cas.
749 3552 771 3587 v.
786 3537 819 3589 31
839 3539 888 3602 sq.)
907 3543 934 3587 et
952 3535 1075 3588 Romana
1095 3550 1200 3602 quoque
1222 3535 1309 3586 versio

135 3624 211 3676 initio
231 3623 379 3677 Sortientes
398 3625 504 3678 videtur
523 3627 654 3694 inscripta
673 3625 756 3677 fuisse
769 3623 813 3691 (cf.
827 3625 882 3677 Leo
896 3626 982 3677 Plaut.
997 3623 1107 3676 Forsch.
1129 3640 1153 3690 p.
1169 3623 1220 3675 189
1233 3621 1309 3688 adn.;

136 3711 251 3764 Skutsch
270 3712 365 3765 Rhein.
379 3715 448 3766 Mus.
469 3715 514 3767 LV
534 3715 627 3783 [1900]
647 3715 708 3781 274,
726 3715 762 3778 1).
800 3714 945 3766 Praeterea
962 3713 1072 3766 Plautus
1091 3714 1149 3779 ipse
1167 3711 1310 3778 profitetur

135 3801 266 3853 Graecam
286 3803 450 3857 comoediam
469 3806 495 3854 in
515 3804 567 3856 fine
586 3805 752 3870 potissimum
766 3818 793 3854 se
808 3803 984 3867 contraxisse,
1003 3817 1056 3867 qua
1068 3818 1097 3853 rc
1116 3802 1259 3853 verisimile
1279 3800 1310 3852 fit
1409 3821 1411 3824 ·

136 3888 207 3955 apud
231 3889 371 3956 Diphilum
394 3898 421 3942 et
448 3892 533 3958 ipsam
554 3892 677 3943 Casinam
702 3891 728 3941 in
757 3904 882 3942 scaenam
909 3905 965 3940 csse
992 3887 1174 3940 introductam
1199 3891 1308 3954 (nomen

136 3976 283 4031 fortassee
304 3980 406 4033 Graeco
426 3981 609 4047 desumptum,
633 3981 666 4032 cf.
691 3981 747 4031 Leo
772 3981 788 4032 1.
809 3981 825 4031 l.
846 3997 871 4046 p.
891 3979 925 4031 97
945 3977 1006 4029 adn.
1027 3979 1059 4044 63
1078 3976 1198 4028 Schmidt
1217 3977 1308 4029 Herm.

136 4065 266 4119 XXXVII
285 4069 375 4136 [1902]
399 4071 452 4124 359
475 4074 529 4136 sq).
550 4101 584 4107 —
606 4102 636 4108 -
661 4071 751 4121 Etiam
776 4067 907 4136 Pyrrhum
931 4066 1093 4119 Philemonis
1117 4066 1238 4117 Dietzius
1261 4081 1310 4132 pro

136 4157 184 4207 tali
203 4157 339 4210 comoedia
359 4157 449 4224 habet,
469 4158 516 4209 scd
536 4157 568 4210 ci.
590 4175 658 4225 qnae
678 4157 750 4210 infra
769 4157 802 4209 de
821 4157 870 4208 hoc
888 4158 967 4208 titulo
987 4155 1185 4209 annotabimus.

245 4245 274 4310 ¹⁴)
302 4247 451 4298 Enumerat
477 4246 551 4298 Haas
585 4247 634 4298 111
669 4248 760 4298 titulos
793 4261 809 4297 a
835 4244 916 4296 choro
946 4243 1107 4309 desumptus,
1137 4243 1170 4294 39
1199 4243 1310 4294 alterius

136 4347 249 4397 genens.
