3136 5024
751 221 929 274 ,88-

252 402 388 465 tantum
411 399 533 485 partim
557 420 631 463 earn
655 396 866 485 expressisse.
903 399 997 479 Quod
1012 399 1159 486 profecto
1175 395 1284 465 Helmi
1302 401 1432 467 coniec-

255 519 350 579 turae
375 535 442 579 non
466 513 569 579 iavet.
604 513 740 579 Accedit
755 514 862 580 aliud:
886 515 1023 580 nomina
1045 514 1112 597 illa,
1137 537 1223 600 quae
1243 516 1279 581 in
1299 515 1431 600 dialogo

255 633 490 712 memorantur,
527 630 699 694 hommum
734 651 817 713 esse,
854 630 911 716 qui
946 631 1061 714 quinto
1098 627 1230 696 saeculo
1261 632 1429 714 vixerunt,

215 727 216 730 Ἴ
254 767 351 811 nerno
376 746 482 810 nescit
503 744 556 832 (cf.
583 767 684 831 supra
706 767 737 830 p.
752 745 815 832 85).
853 745 944 825 Quae
968 745 1119 811 Helmius
1142 746 1294 827 Hirzelio‚
1320 747 1431 831 quiet

254 861 329 927 aliis
368 864 402 926 et
436 861 500 925 hac
535 882 569 926 re
604 861 699 927 nisus
738 861 926 946 exemplum
965 861 1134 948 sophistae
1174 862 1217 927 ad
1254 863 1431 947 antiquam

255 975 459 1042 comoediam
482 975 705 1041 revocandum
732 978 876 1063 putavit,
906 978 1060 1063 opposuit
1083 976 1114 1059 (l.
1128 977 1148 1043 l.
1162 999 1192 1063 p.
1209 980 1272 1043 186
1296 977 1373 1044 adn.
1398 980 1430 1064 4)

204 1153 206 1161 .
255 1093 307 1158 his
330 1093 441 1157 verbis
475 1092 607 1174 „Damit
638 1091 693 1178 (so.
717 1092 770 1157 his
801 1093 1002 1179 nominibus)
1033 1092 1118 1158 wird
1148 1093 1314 1159 natiirlioh
1338 1095 1432 1160 nicht

255 1209 432 1290 erwiesen,
464 1208 528 1273 urie
558 1205 668 1272 Hirzel
700 1247 740 1256 -
772 1206 984 1273 anzudeuten
1019 1209 1165 1292 scheint,
1202 1208 1265 1274 dall
1294 1207 1346 1275 die
1380 1214 1430 1276 et-

254 1325 362 1406 waige
386 1322 610 1407 vorlage'der
634 1323 725 1388 alten
748 1322 909 1389 Komddie
933 1324 1124 1407 angehiirte,
1149 1346 1249 1390 wenn
1274 1324 1325 1390 die
1345 1325 1429 1408 Vor-

168 1519 170 1521 .
254 1439 328 1521 lage
353 1439 458 1504 selbst
481 1440 534 1504 ein
552 1439 688 1520 ‚Timon‘
706 1461 792 1522 war3
817 1438 882 1503 die
907 1438 1234 1523 Erwahnungen
1257 1441 1430 1508 Wiirden

254 1557 295 1641 ja
319 1552 428 1620 dann
464 1550 593 1619 durch
624 1554 689 1619 die
725 1555 884 1620 Person
916 1554 984 1620 des
1013 1555 1174 1620 Helden
1205 1556 1288 1621 und
1312 1556 1430 1622 scine

57 1701 60 1706 ·
168 1712 170 1717 -
255 1671 346 1736 Zeit
361 1669 630 1752 veranlallt“‚
648 1670 772 1735 nullius
788 1672 949 1736 momenti
961 1674 1049 1736 sunt.
1074 1671 1161 1736 Nam
1177 1662 1255 1738 licet
1267 1671 1307 1737 de
1319 1672 1431 1737 indole

255 1785 383 1851 mediae
408 1807 509 1870 quam
536 1807 696 1851 vocamus
727 1785 916 1851 comoediae
947 1808 1055 1873 pauca
1085 1788 1239 1865 sciamus,
1271 1789 1430 1872 quoniam

255 1900 383 1965 nullum
408 1904 533 1965 certum
564 1901 751 1987 exemplum
787 1901 960 1984 habemus
986 1901 1059 1966 'hoc
1092 1901 1175 1965 mihi
1208 1904 1431 1969 certissimum

254 2015 397 2099 videtur,
426 2015 609 2101 numquam
634 2016 790 2103 (exceptis
815 2017 1020 2099 argumentis
1044 2016 1264 2104 tabularibus)
1281 2018 1430 2084 Atticam

202 2126 205 2130 ’
256 2133 426 2198 exstitisse
441 2132 646 2198 comoediam
662 2133 712 2198 ita
728 2135 964 2219 comparatam,
983 2135 1021 2198 ut
1043 2136 1152 2219 poeta,
1178 2154 1278 2217 quam
1297 2155 1429 2220 reprae-

254 2249 422 2331 sentabat,
456 2249 620 2337 actionem
652 2249 802 2315 consulto
837 2250 945 2334 prisco
976 2248 1121 2333 quodam
1155 2232 1312 2335 ternpore,
1349 2271 1377 2314 e.
1399 2272 1429 2333 g.

253 2365 420 2450 superiore
444 2364 586 2447 saeculo,
612 2364 770 2430 accidisse
793 2364 951 2430 finxisset
975 2363 1081 2450 (velut
1111 2368 1279 2430 nostrates
1309 2369 1431 2451 poetae

256 2480 476 2566 praemittunt
503 2479 582 2562 „das
607 2479 711 2568 Stiick
736 2480 834 2566 spielt
856 2481 902 2545 im
928 2482 977 2545 18.
1002 2480 1273 2567 Jahrhunderff),
1305 2486 1343 2545 ut
1366 2481 1431 2547 hac

256 2593 295 2659 de
320 2617 423 2660 causa
445 2617 604 2681 personas
629 2617 709 2660 suas
732 2598 866 2660 tantum
882 2595 975 2667 illius
987 2596 1110 2661 aetatis
1127 2596 1278 2661 homines
1294 2596 1431 2662 fecisset

254 2712 624 2798 commemorantesm)
656 2710 905 2776 memoriarum
930 2711 1172 2778 comoediarum
1196 2713 1345 2777 actiones
1362 2733 1430 2778 non

252 2809 352 2891 ⁸aliter
375 2830 476 2910 atque
500 2830 651 2892 veterum
676 2831 710 2892 et
739 2849 904 2892 novarum
935 2828 1102 2913 praesenti
1137 2831 1282 2914 tempore
1314 2827 1432 2913 opinor

253 2943 327 3006 fieri
350 2942 574 3025 fingebantur,
607 2944 694 3008 sicut
716 2943 770 3007 vel
799 2942 984 3025 fabulosas
1018 2963 1104 3026 quae
1134 2943 1322 3030 prodibant,
1354 2965 1430 3029 per-

254 3078 355 3123 sonas
380 3057 420 3123 de
444 3059 542 3122 rebus
559 3058 815 3142 hominibusque
832 3058 1030 3142 aequalibus
1047 3059 1134 3123 inter
1150 3080 1185 3124 se
1202 3057 1430 3143 colloquentes

253 3172 407 3238 inducere
431 3196 499 3239 non
521 3174 724 3239 verebantur
753 3175 945 3261 poetae.²²⁷)
983 3173 1056 3239 Hac
1083 3175 1294 3261 potissimum
1324 3195 1431 3241 causa

254 3293 422 3374 permotus
455 3289 639 3354 Lucianum
674 3312 741 3355 non
776 3290 980 3376 Antiphanis
1016 3290 1219 3355 comoediam
1258 3290 1429 3355 imitatum

254 3426 327 3469 esse
352 3404 587 3493 contendoflffi)

361 3653 403 3718 1228)
423 3656 512 3707 Etiam
532 3656 667 3707 Helmium
687 3672 748 3707 cum
766 3657 895 3707 aliatum
916 3655 944 3706 hi
963 3655 1082 3708 homines
1109 3656 1267 3708 nomInatim
1286 3656 1371 3722 allati,
1399 3664 1431 3708 ut

254 3746 406 3812 exemplum
426 3744 579 3796 comoediae
598 3745 705 3797 subesse
726 3753 854 3809 censeret,
874 3743 1047 3796 adduxerunt
1066 3746 1094 3810 (l.
1109 3746 1125 3795 l.
1140 3761 1165 3810 p.
1180 3744 1248 3806 186).

361 3832 404 3897 ²²¹⁷)
423 3832 463 3886 Cf.
490 3833 573 3886 Cobet
598 3834 666 3886 Plot.
687 3851 754 3887 com.
781 3851 805 3900 p.
833 3834 891 3887 115.
924 3863 957 3871 —
990 3832 1181 3886 Menandrum·
1197 3836 1431 3903 Περικειρομένης

254 3923 387 3974 actionem
407 3923 441 3975 ad
463 3931 585 3988 tempora
610 3924 674 3975 belli
701 3923 833 3975 Cortnthii
860 3924 993 3989 relegosse
1020 3928 1163 3989 putaverat
1189 3920 1278 3974 editor
1302 3922 1430 3988 princeps

252 4010 385 4064 Irefebvre
404 4016 440 4078 (p.
456 4012 514 4064 100.
536 4013 604 4076 109),
624 4012 671 4064 sed
691 4014 800 4077 erravit,
820 4011 853 4063 cf.
867 4011 921 4063 Leo
936 4011 1026 4063 Herm.
1040 4012 1129 4063 XLIII
1142 4011 1233 4076 (1908)
1247 4010 1312 4078 139;
1325 4009 1429 4063 Koerte

254 4100 335 4158 Arch,
349 4100 366 4152 f.
381 4100 555 4166 Pap-forsch.
568 4101 606 4153 IV
625 4102 717 4166 (1908)
737 4101 796 4156 512.
1312 4118 1314 4122 ⁴

361 4187 404 4255 2²⁸)
422 4189 493 4255 Quos
519 4188 708 4242 similitudines
733 4190 855 4241 Helmius
882 4188 1010 4241 indicavit
1039 4191 1066 4255 (l.
1088 4190 1104 4240 l.
1123 4206 1148 4255 p.
1168 4189 1220 4241 189
1239 4185 1302 4240 adn.
1322 4188 1337 4239 2
1357 4193 1383 4240 et
1402 4190 1430 4253 3)

252 4278 323 4329 inter
343 4278 461 4331 Timonis
487 4280 615 4331 Lucianei
640 4280 783 4330 nonnullos
811 4280 882 4330 locos
902 4286 929 4330 et
954 4278 1119 4344 Antiphanis
1145 4278 1249 4343 aIIquot
1274 4275 1430 4343 fragmenta

253 4367 309 4418 sine
330 4369 436 4418 nomine
456 4367 566 4419 fabulae
585 4367 694 4434 tradite,
715 4367 786 4418 leves
805 4375 868 4418 sunt
887 4382 974 4433 neque
995 4367 1028 4418 ab
1048 4368 1105 4434 ipso
1126 4367 1263 4431 graviores
1282 4364 1429 4419 habentur.
