3136 5024
686 305 880 358 -103-

302 482 401 547 Porro
432 481 603 565 neglegere
636 504 704 547 101
734 481 811 547 11661
840 482 903 546 hoe
934 480 973 546 de
1001 482 1100 548 titulo
1132 482 1305 549 disserenti
1333 484 1368 548 in

196 619 283 662 novo
315 595 516 663 didascaliae
547 596 733 680 fragmento
765 619 786 662 a
818 596 1008 663 Wilhelmio
1036 603 1164 684 reperto
1194 598 1259 681 legi
1290 621 1321 664 u.
1346 601 1368 663 2

198 768 204 778 .
223 763 229 776 .
249 765 255 780 .
275 711 292 801 .]
317 719 379 798 πέμ
397 707 531 801 Ἠνιὸχῳ
556 713 596 798 (a.
615 715 739 801 313j2),
758 714 816 778 ubi
832 718 909 800 apte
927 735 1001 778 cum
1018 714 1142 780 editore
1159 713 1247 800 (Urk.
1265 737 1296 801 p.
1312 716 1366 802 45)

196 849 317 915 nomen
340 827 512 894 Menandri
536 832 654 915 poetae
677 829 810 894 restitui
834 831 953 914 potest.

663 1042 906 1126 Φιλέταιρος.

302 1180 402 1263 Idem,
433 1181 521 1268 quod
545 1181 584 1248 de
607 1178 787 1265 Henioche,
818 1183 975 1247 iudicium
1008 1181 1047 1247 de
1070 1183 1169 1248 titulo
1194 1186 1370 1269 Φιλέταιρος

196 1296 385 1362 faciendum
416 1302 507 1383 puto,
539 1319 604 1382 quo
635 1293 694 1364 sex
724 1299 831 1385 poetis
862 1296 1048 1364 comoedias
1080 1299 1207 1384 placuit
1237 1320 1368 1364 ornare:

196 1412 475 1499 Philonidim)
498 1415 736 1499 Antiphani
759 1413 990 1502 Alexidiffl)
1012 1413 1195 1500 Amphidi
1222 1414 1369 1480 Henio-

196 1595 408 1602 .—-..-——-—-

197 1681 331 1746 putaveris
350 1680 434 1747 [delet
453 1679 617 1732 Staehlinius
637 1681 662 1731 in
677 1697 745 1732 nova
765 1679 1141 1748 61111016101.11.57,16);
1161 1696 1229 1746 quae
1248 1681 1370 1734 Dietzius

197 1768 278 1820 affert
296 1770 420 1836 exempla
439 1770 587 1834 particulae
607 1769 624 1837 1)
643 1771 669 1820 11
689 1771 773 1822 titulis
801 1769 952 1836 duplicibus
978 1769 1109 1836 perditae,
1137 1786 1197 1822 eum
1224 1770 1369 1824 Clementis
1430 1825 1433 1831 ,
1524 1824 1528 1832 ,

198 1860 254 1910 1060
274 1874 325 1910 101
345 1860 425 1925 plane
445 1864 597 1924 congruunt
616 1866 726 1925 propter
745 1856 775 1909 ἐν
792 1861 914 1911 aiterum.
935 1890 969 1896 —
988 1859 1120 1925 Perquam
1134 1867 1224 1911 autem
1238 1862 1370 1912 incertum

197 1948 261 1999 mihi
280 1947 395 2014 videtur,
414 1945 485 2014 quod
505 1947 598 1999 eodem
613 1949 669 2000 loeo
689 1947 811 1999 Dietzius
831 1945 943 2013 profert,
962 1949 1042 1999 istam
1055 1945 1176 1999 fabulam
1190 1948 1334 2016 (Ἡνίοχος
1350 1948 1368 2018 ἢ

192 2037 429 2104 ‘Vn0,toicpctoc)‚
449 2051 529 2103 quam
549 2037 703 2089 coniectura
722 2036 772 2087 sibi
795 2037 900 2102 paravit
920 2037 960 2087 vir
978 2037 1081 2102 doctus,
1108 2038 1259 2102 exemplum
1285 2036 1367 2089 luisse
1423 2048 1428 2053 '

197 2125 365 2178 Caecilianae
386 2124 549 2192 comoediae,
569 2140 637 2191 quae
656 2127 736 2177 titulo
755 2124 982 2192 Hypobolimaeus
1001 2125 1205 2177 Chaerestratus
1219 2127 1300 2176 semel
1314 2127 1382 2198 lau-¹

197 2213 276 2266 datur
294 2223 326 2277 (v.
341 2213 360 2266 C
371 2213 428 2266 RF
441 2213 534 2266 Ribb.²
552 2231 577 2280 p.
591 2216 645 2279 50).
677 2213 858 2280 Chaerippum
878 2214 952 2265 illum
966 2215 992 2265 11
1007 2214 1079 2266 Men.
1093 2212 1127 2265 ir.
1137 2215 1189 2266 491
1204 2216 1369 2266 nominatum
1454 2254 1457 2265 .

197 2302 336 2365 (traditum
357 2303 467 2355 6111106
494 2303 675 2369 fragmentum
701 2319 773 2354 nune
800 2304 881 2355 etiam
906 2302 1050 2355 11Ρ110110
1070 2303 1215 2355 Reitzenst.
1235 2303 1316 2369 prot,
1336 2304 1367 2369 33

197 2390 230 2443 ei.
244 2392 279 2444 ib.
292 2409 315 2458 p.
330 2391 431 2459 XXVI)
453 2399 564 2459 propter
583 2392 697 2443 nominis
717 2398 835 2459 etymum
854 2391 888 2442 ad
908 2392 1075 2444 Heniochum
1094 2393 1230 2459 pertinere
1248 2391 1371 2443 Dietzius
1399 2445 1401 2448 ,

197 2481 335 2546 opinatur:
362 2480 409 2534 sed
429 2481 523 2547 quidni
542 2480 700 2533 adulescens
727 2482 823 2547 aliquis
849 2482 1002 2533 luxuriosae
1028 2482 1098 2533 vitae
1124 2480 1232 2533 deditus
1258 2488 1369 2533 ornatus

198 2571 304 2621 nomine
324 2569 467 2636 Chaerippi
493 2572 574 2622 etiam
597 2571 624 2621 in
645 2569 855 2637 Hypobolimaeo
875 2568 983 2636 prodire
1002 2570 1111 2637 potuit?
1143 2569 1195 2638 [De
1216 2569 1369 2622 nominibus

198 2674 358 2724 per-mnes
385 2659 506 2711 formatis
532 2666 560 2711 et
585 2661 612 2711 in
646 2660 700 2710 vita
727 2667 753 2710 et
779 2660 806 2710 in
835 2660 909 2725 poesi
937 2660 1043 2711 usitatis
1069 2658 1103 2712 ci.
1131 2657 1163 2711 de
1190 2659 1368 2710 Wilamowitz

198 2749 308 2800 Aristot.
323 2764 348 2799 u.
362 2747 452 2799 Athen
474 2748 559 2816 1129;
578 2749 632 2800 1160
652 2748 738 2799 Plaut.
759 2748 868 2805 Forsch.
883 2765 908 2813 p.
922 2749 969 2814 983
988 2748 1178 2800 Fiek-Bechtei
1196 2766 1221 2815 p.
1238 2749 1287 2802 152
1301 2748 1369 2815 sqq]

197 2835 242 2886 Nil
261 2837 342 2902 igitur
360 2835 437 2889 video
458 2852 562 2903 causae,
588 2852 641 2903 qua
661 2837 716 2887 nixi
743 2836 923 2903 Chaerippum
950 2827 1148 2888 Menandreurir
1173 2837 1287 2889 eundem
1313 2852 1370 2889 esse

198 2933 277 2992 atque
307 2926 490 2978 Caecilianum
519 2926 737 2978 Chaerestratum
764 2927 894 2992 possimus
923 2924 1069 2978 affirmare.
1108 2926 1259 2992 [Ceterum
1274 2941 1369 2978 nomen

199 3017 397 3083 Χαιρέστρατος
416 3022 443 3067 61
462 3016 518 3082 ipse
538 3015 690 3067 Menander
709 3015 869 3081 usurpabat:
896 3013 930 3066 ci.
949 3012 1091 3083 'Encrpe'a
1111 3031 1134 3065 v.
1155 3015 1204 3067 161
1224 3014 1372 3081 Leiebvre3
1457 3053 1458 3057 ,

198 3103 230 3155 t'r.
244 3104 305 3168 494,
324 3104 374 3157 Ko.
388 3105 427 3155 111
448 3103 511 3170 1423
537 3102 688 3156 Phaedriae
715 3103 880 3156 Terentiano
900 3106 927 3155 in
947 3104 1078 3156 Eunucho
1098 3103 1243 3155 Menandri
1270 3118 1365 3155 nomen

198 3192 381 3245 Chaerestrati
401 3200 466 3259 erat,
486 3192 520 3244 ei.
540 3192 676 3245 1111241.
708 3193 853 3245 Praeterea
866 3192 899 3245 ci.
914 3193 1012 3260 Papyr.
1033 3193 1149 3245 Ghoran.
1164 3191 1233 3244 Bull.
1248 3192 1281 3244 de
1301 3208 1368 3244 corr.

198 3282 260 3333 hell.
281 3282 359 3334 XXX
378 3283 469 3347 (1906)
496 3300 521 3349 p.
545 3283 594 3335 103
614 3298 669 3349 sqq.
685 3299 726 3333 nr.
744 3283 777 3333 II.
799 3282 850 3347 (De
870 3282 911 3332 his
930 3281 1086 3347 fragmentis
1106 3281 1139 3334 61.
1160 3281 1259 3333 Koerte
1279 3281 1371 3334 Herm.

200 3372 276 3437 1908,
300 3371 335 3424 38
354 3374 422 3438 sqq.)
459 3370 511 3423 Sed
538 3373 626 3438 potuit
653 3372 785 3424 Caecilius
814 3386 910 3423 nomen
935 3371 1060 3438 mutare]
1098 3370 1218 3436 Accedit,
1243 3369 1325 3435 quod,
1350 3372 1372 3422 si

199 3460 291 3512 (111610
311 3476 359 3526 pro
379 3459 455 3512 Rosc.
476 3463 536 3512 Am.
556 3461 599 3526 16,
622 3462 656 3513 46
676 3460 919 3527 Hypobolimaeum
938 3460 1157 3512 Chaerestratum
1183 3461 1312 3525 spectavit
1332 3457 1370 3524 (id

199 3549 268 3614 quod
287 3550 390 3616 primus
410 3551 523 3601 coniecit
542 3550 659 3602 Meinek.
680 3550 751 3600 Men.
772 3557 798 3601 et
812 3549 922 3601 Philem.
937 3550 994 3600 reli.
1010 3565 1034 3613 p.
1049 3548 1109 3614 172,
1128 3555 1208 3614 atque
1228 3547 1372 3600 admodum

192 3639 341 3703 verisimile
356 3644 404 3705 est,
423 3637 457 3690 ei.
472 3638 563 3691 Ribb.²
582 3656 606 3705 p.
625 3639 679 3704 47),
701 3640 773 3690 iocus
787 3638 978 3689 Ciceronianus
993 3639 1048 3704 ipse
1066 3637 1173 3702 quidem
1187 3638 1372 3689 6111116111-

199 3725 241 3777 dri
257 3725 465 3798 Ὑποβολιμαίῳ
477 3727 493 3796 'l
506 3725 641 3798 Ἀγροίκῳ
653 3728 797 3780 cohaerere
811 3726 925 3792 videtur,
945 3743 998 3793 qua
1012 3742 1086 3778 exre
1101 3724 1220 3778 efficitur
1230 3725 1371 3791 Ὑποβολι-

199 3818 285 3884 μαῐον
304 3814 321 3882 ἢ
339 3814 488 3883 ’Ἀγροικον
507 3817 748 3883 Hypobolimaeum
763 3816 932 3868 Rastrariam
946 3816 1187 3882 Hypobolimaeum
1201 3813 1372 3866 Chaerestra-

199 3912 256 3956 tum
276 3904 389 3957 eandem
413 3904 495 3957 irrisse
519 3905 691 3957 comoediam.
730 3904 782 3957 Sed
808 3906 872 3957 satis
900 3920 1032 3970 superque
1060 3903 1093 3955 de
1117 3904 1157 3954 his
1186 3903 1280 3954 rebus:
1313 3918 1372 3953 cum

199 3991 287 4044 adhue
301 4001 328 4045 et
343 3994 547 4061 Hypobolimaei
561 3993 742 4045 Chaerestrati
757 4000 783 4045 et
796 3993 1001 4060 Hypobolimaei
1015 3991 1144 4044 Aeschini
1157 3992 1252 4056 singuli
1266 3998 1372 4041 tantum

200 4096 291 4133 versus
316 4085 460 4149 supersint,
491 4083 527 4133 nil
554 4098 601 4134 nos
627 4090 691 4148 puto
718 4098 794 4149 posse
822 4080 951 4147 proficere
978 4080 1026 4132 has
1048 4083 1120 4132 inter
1138 4097 1165 4130 se
1190 4078 1371 4130 discernentes

201 4170 350 4223 comoedias
376 4180 456 4238 atquc
483 4173 594 4238 insuper
622 4186 681 4222 cum
707 4171 878 4223 Menandreis
907 4168 1077 4222 conferentes
1102 4168 1210 4229 fabulis,
1238 4184 1251 4218 e
1276 4167 1372 4232 quibus

200 4267 227 4310 et
247 4260 310 4326 ipsis
330 4261 428 4325 exigua
447 4260 632 4312 tantummodo
652 4261 768 4311 frustula
786 4259 923 4311 habemus.

308 4347 352 4410 ²⁷³)
372 4350 445 4401 Suid.
466 4368 486 4401 s.
503 4366 540 4417 n.;
561 4349 712 4415 fragmenta
733 4364 784 4400 101
806 4354 922 4400 exstant.

309 4436 354 4502 ²¹⁴)
374 4438 480 4490 Titulus
501 4438 601 4505 duplex
622 4433 782 4507 Δημήτριος
801 4436 818 4506 ἢ
840 4437 1006 4502 Φιλέταιρος.
1027 4452 1049 4487 v.
1070 4451 1151 4501 supra
1171 4452 1196 4502 p.
1210 4435 1243 4487 67
1264 4450 1318 4499 sqq.
