3136 5024
703 265 896 316 -144-

214 467 360 526 numero,
385 466 470 528 quae
495 444 646 510 floruisse
671 443 839 526 dicuntur3
864 446 944 508 sunt
965 444 1085 521 Antea,
1110 443 1260 526 Lagisca,
1278 415 1388 509 Theo-

214 561 295 647 lyta,
310 561 473 625 Ocimum:
490 563 619 624 Anteae
632 560 856 645 Lagiscaeque
872 559 989 624 florem
1005 558 1129 624 aetatis
1146 557 1305 623 decennio
1319 557 1388 622 fere

214 677 431 741 :roo-380
455 675 614 740 contineri
638 696 738 760 supra
762 675 949 760 expositum
973 678 1033 738 cst.
1074 666 1211 738 Laidem
1225 672 1388 738 ·0cimum

154 783 157 789 ⁸
212 774 410 857 bletaniram
446 791 646 856 coniunctim
681 794 925 856 memoraverat
958 786 1142 875 Hyperides
1166 790 1207 853 ’ἐν
1232 792 1276 877 τῷ
1300 784 1388 853 κατὰ

212 904 433 992 Ἀρισταγόρας
457 905 482 987 β’
507 907 545 971 fr.
574 908 614 969 13
638 906 749 971 Blass³
770 935 814 963 =
838 905 958 971 Athen.
989 904 1063 969 XIII
1088 902 1234 970 osred.
1267 905 1332 971 588
1352 925 1384 969 c:

212 1021 290 1088 ὥστε
313 1019 391 1097 Λαίς
422 1021 475 1106 μὲν
498 1015 517 1106 ἡ
542 1019 673 1087 δοκοῦσα
697 1020 757 1087 των
781 1020 906 1086 πώποτε
929 1024 1129 1106 διενηνοχέναι
1152 1014 1210 1104 τὴν
1234 1018 1306 1105 όῳιν
1330 1018 1386 1084 καὶ

204 1133 338 1223 Ὤκιμον
360 1136 414 1202 καί
439 1136 610 1222 Μετάνειρα
626 1161 685 1200 -z
716 1137 869 1202 audimus
894 1141 1058 1201 oratorem
1082 1135 1121 1202 de
1150 1135 1383 1201 meretricibus

209 1253 409 1339 loquentem,
442 1275 527 1338 quae
558 1257 637 1318 ante
669 1274 765 1318 suam
795 1256 942 1317 aetatem
972 1252 1106 1317 fuerint.
1153 1251 1262 1316 Unam
1287 1251 1385 1316 novit

209 1348 1382 1454 Laidem.MetaniraeaetasanroreLysiaedefinitur(ef.pl120sq.).³⁶⁰]

298 1487 327 1566 6.
353 1485 401 1549 De
432 1483 650 1570 Cephisodoro
681 1487 780 1569 poeta
811 1481 985 1548 discedunt
1006 1482 1178 1548 hominum
1208 1481 1384 1547 doctorum

208 1601 404 1665 sententiae.
440 1600 595 1681 Legimus
620 1599 707 1663 enim
731 1598 818 1684 apud
835 1598 971 1684 Lysiam
987 1599 1100 1663 XXII
1124 1595 1173 1663 ἐπὶ
1199 1597 1232 1663 δὲ
1254 1594 1381 1663 Εὐκλεί-

208 1719 260 1779 δον
283 1711 431 1799 ἄρχοντος
454 1715 577 1800 (403ρ2)
602 1719 759 1798 κωμῳδοῖς
780 1711 914 1799 χορηγῶν
933 1714 1133 1801 Κηφισοδότῳ
1158 1713 1279 1778 ἐνίκωνε
1306 1735 1383 1778 curn

208 1830 446 1916 Cephisodotus
464 1831 606 1895 comicus
620 1852 811 1916 numquam,
826 1829 1066 1915 Cephisodorus
1080 1831 1212 1914 saepius
1224 1829 1382 1894 laudare·

207 1952 269 2028 tur,
288 1945 460 2011 Clintonus
483 1946 549 2011 levi
566 1947 751 2011 mutatione
768 1943 973 2034 Κηφισοδώρῳ
998 1946 1137 2030 scripsit,
1155 1966 1254 2030 quern
1271 1947 1382 2010 secuti

207 2065 295 2143 sunt,
320 2066 359 2126 ut
388 2084 446 2147 par
477 2065 557 2143 erat,
584 2083 707 2137 omnes.
739 2066 869 2146 praeter
893 2061 1069 2147 Cappsiunr
1094 2061 1178 2146 (Am.
1202 2060 1319 2126 Journ.
1346 2061 1384 2127 ol

205 2176 288 2240 Phil.
305 2176 381 2241 XXI
398 2178 441 2242 50
458 2179 539 2263 sqq.)
564 2182 597 2241 et
613 2176 840 2241 Wilhelmium
865 2176 953 2262 (Urk.
978 2199 1008 2263 p.
1029 2178 1113 2263 117),
1138 2176 1194 2260 qui
1218 2176 1253 2240 in
1277 2177 1382 2242 tertia

206 2292 359 2356 columna
376 2291 518 2374 catalogi
534 2293 697 2357 victorum
721 2290 776 2356 IG
800 2292 827 2355 II
852 2294 915 2356 977
933 2292 955 2355 h
980 2294 1033 2371 l:
1046 2291 1147 2356 Wilh.
1160 2290 1283 2376 Urhp.
1303 2294 1380 2377 107)

205 2428 221 2470 e
245 2407 366 2491 Lysiae
391 2406 557 2471 codicibus
582 2407 725 2492 suppleri
740 2407 860 2471 volunt
876 2405 1107 2495 Κηίφισόίδοτος
1130 2406 1217 2492 (post
1232 2411 1382 2493 Νικοφῶν

204 2526 237 2587 et
253 2521 459 2610 Θεότομτος);
484 2523 593 2588 adhuc
609 2521 824 2608 Κηφισόδωρος
840 2524 902 2588 hoc
919 2524 987 2588 loco
1005 2523 1220 2588 scribebatur.
1252 2522 1382 2589 Contra

203 2638 265 2702 hoc
277 2659 397 2703 nornen
409 2639 444 2702 in
460 2639 594 2704 tertiam
611 2638 798 2703 columnam
810 2639 1027 2703 Lenaicorum
1039 2640 1201 2704 victorum
1219 2638 1380 2722 catalogi,

203 2754 260 2817 ubi
277 2758 371 2819 sexto
388 2753 458 2819 loco
475 2759 550 2839 post
566 2753 747 2836 Alexidern,
769 2754 894 2818 decimo
906 2757 982 2839 post
995 2754 1219 2840 Antiphanem
1236 2755 1311 2840 -·--]
1329 2778 1382 2839 ρος

203 2873 373 2934 servatum
409 2873 469 2951 est,
508 2869 717 2934 inferendum
753 2870 892 2934 coniecit
927 2870 1086 2955 Cappsius
1121 2869 1198 2933 huic
1232 2869 1379 2953 mediae,

201 3006 299 3069 quern
316 2985 423 3066 lingit,
450 2985 637 3050 comoediae
663 2986 811 3070 scriptori
842 2986 954 3049 omnia
983 2985 1172 3066 fragmenta
1201 2985 1381 3053 ascribens

201 3103 337 3186 excepto
361 3101 459 3165 titulo
484 3100 647 3176 Ἀντιλαίς.
695 3101 874 3165 Pristinum
899 3099 1020 3165 Suidae
1045 3103 1239 3173 contextum

360 3215 569 3302 Κηφισόδοτος
593 3213 728 3299 κωμικός
750 3215 808 3300 της
831 3215 962 3301 ἀρχαίας
984 3216 1147 3304 κωμῳδίας

359 3330 574 3417 Κηφισόδωρος
596 3329 731 3415 κωμικός
754 3330 811 3416 της
835 3335 929 3416 μέσης
950 3331 1113 3419 κωμῳδίας

199 3447 247 3510 ita
271 3448 443 3511 turbatum
468 3469 550 3529 esse,
576 3453 614 3512 ut
630 3447 840 3532 Cephisodoti
856 3448 988 3511 nomine
1004 3445 1213 3530 neglegentia
1228 3445 1377 3514 alicuius

198 3561 322 3625 librarii
353 3563 473 3627 omisso
505 3561 721 3648 Κηφισόδωρος
749 3562 835 3627 falso
867 3563 1026 3646 antiquae
1051 3559 1238 3626 comoediae
1268 3568 1378 3646 poeta

198 3677 331 3742 exisset.
379 3677 443 3742 Sed
474 3681 546 3742 tota
576 3678 658 3742 haec
683 3679 871 3743 coniectura
895 3677 1026 3763 Cappsii
1057 3676 1187 3758 corruit,
1218 3676 1248 3741 si
1278 3682 1374 3744 recte

197 3792 407 3857 Wilhelmius
421 3792 658 3857 anirnadvertIt
667 3793 797 3875 longius
810 3814 930 3857 nornen
943 3792 1000 3856 illa
1011 3791 1133 3856 lacuna
1145 3793 1223 3856 ante
1238 3833 1243 3842 -
1256 3831 1261 3842 ·
1273 3832 1279 3843 ·
1293 3789 1310 3880 J
1321 3815 1377 3877 ρος

197 3906 374 3972 desiderari
387 3907 480 3972 velut
492 3907 705 3992 Διονυσόδωρος
716 3908 770 3972 rel
783 3902 1056 3991 Ἀσκληπιόδωρος.
1082 3907 1189 3986 Quare
1202 3904 1372 3990 equidem,

196 4023 259 4086 nisi
295 4022 385 4086 aliud
420 4023 504 4087 forte
540 4023 665 4108 lapides
697 4023 871 4104 docebunt,
909 4022 1114 4088 lenissimum
1148 4023 1228 4107 puto
1264 4026 1372 4108 atque

303 4226 346 4291 ²³⁸⁰)
368 4228 491 4279 Ceterum
512 4243 544 4278 cx
564 4227 647 4278 Ccimi
668 4228 919 4279 commemoratione
946 4228 1026 4278 ctiam
1052 4224 1152 4277 Eubuli
1172 4226 1319 4292 Κέρκωπας
1343 4235 1371 4279 ct

195 4315 340 4367 Nicostrati
366 4313 526 4385 Πάνδροσος
551 4333 602 4382 qno
629 4316 685 4367 t'crc
712 4323 831 4383 tempore
858 4317 973 4383 scriptae
1000 4317 1062 4382 sint,
1089 4316 1178 4381 colligi
1205 4320 1294 4382 potest
1322 4314 1369 4382 (ct.

194 4419 275 4468 supra
295 4421 319 4469 p.
342 4405 389 4456 121
412 4410 466 4470 sq).
1204 4412 1207 4419 '
