3136 5024
690 268 886 319 -150-

203 450 282 509 tuus
306 448 358 510 est
382 444 563 511 secundnm
588 446 768 528 Diogenem
791 445 900 512 Laert.
926 445 971 509 Vl
989 447 1030 509 76
1054 466 1083 509 a.
1102 447 1167 508 323
1191 447 1380 528 nonaginta

201 560 269 625 fere
293 581 400 633 annos
423 565 537 626 natus:
561 561 627 625 tuit
649 561 759 643 igitur,
785 561 813 626 si
836 561 914 626 huic
936 560 1031 643 fidae,
1057 560 1169 630 decem
1193 561 1262 626 fere
1279 562 1379 626 annis

201 674 303 740 Laide
327 680 410 742 natu
434 677 548 743 minor.
587 674 725 755 Quando
749 677 901 741 Athenas
932 676 985 741 vel
1017 676 1211 741 Corinthum
1234 678 1378 755 venerit,

202 793 367 856 nescimus
392 791 443 875 (cf.
468 791 570 856 Zeller
593 791 612 857 l.
637 791 658 858 l.
683 815 713 877 p.
739 793 840 876 283)4
864 791 940 858 adn.
968 792 1010 877 1).

309 907 417 972 Aliam
442 907 736 989 narratiunculam,
761 911 924 991 quantum
942 906 985 972 ad
1008 908 1154 973 rationes
1177 911 1379 993 temporum,

201 1024 445 1088 examinemus:
476 1023 615 1103 legimus
647 1022 734 1108 apud
760 1023 961 1087 Clementem
986 1021 1163 1088 Alexandr.
1190 1023 1311 1088 Strom.
1336 1025 1380 1089 ΙΙΙ

202 1140 256 1219 cu,
269 1141 290 1201 4
304 1159 351 1222 sq.
369 1138 452 1203 haec
461 1134 515 1204 :⁰0
529 1163 562 1203 τε
576 1137 972 1223 ΚυρηναῖοςἋριστοτέλης
984 1138 1085 1204 Λαίδα
1096 1137 1210 1223 ἐρῶσαν
1220 1137 1381 1224 ὑπερεώρα

201 1249 300 1339 μόνος.
342 1248 536 1339 Ὀμυμοκώς
567 1246 616 1318 οὖν
639 1252 680 1340 τῇ
705 1254 820 1342 ἑταίρᾳ,
851 1245 956 1337 ἥμην
980 1251 1108 1332 ἀπάξειν
1133 1249 1228 1339 αὐτὴν
1253 1255 1297 1330 εἰς
1320 1254 1380 1335 τὴν

201 1370 343 1453 πατρίδα,
367 1370 393 1434 εἰ
415 1367 614 1454 συμπράξειεν
639 1368 719 1458 αὐτῷ
737 1394 806 1434 τινα
823 1365 895 1453 πρὸς
911 1364 981 1446 τοὺς
1003 1367 1244 1453 ἀνταγωνιστάς,
1269 1366 1376 1456 ἐπειδὴ

201 1484 395 1569 διεπράξατο,
426 1488 591 1569 χαριέντως
626 1487 758 1550 ε’νιτελών
789 1483 842 1550 τὸν
866 1480 962 1569 ὅρκον,
993 1484 1189 1571 γραψάμενος
1212 1483 1312 1570 αὐτῆς
1338 1480 1380 1562 ὡς

200 1596 247 1665 ὅτι
271 1599 405 1683 μάλιστα
428 1594 611 1685 ὁμοιοτάτην
636 1596 748 1679 εἰκόνα,
773 1599 936 1684 ἀνέστησεν
959 1602 1002 1677 εἰς
1024 1601 1173 1686 Κυρήνην,
1201 1601 1243 1678 ὡς
1267 1601 1381 1686 ἱστορεῖ

192 1712 314 1800 Ἴστρος
337 1718 366 1780 ἐν
390 1720 432 1804 τῷ
457 1714 522 1800 περὶ
545 1716 698 1800 ἰδιότητος
721 1715 826 1781 dator
846 1717 899 1801 (z
923 1716 1060 1782 FHGI
1081 1719 1147 1780 424
1164 1725 1235 1803 3η).
1278 1717 1315 1781 ld
1332 1718 1378 1783 ad

201 1831 413 1896 Aristotelem
427 1831 644 1917 Cyrenaicum
656 1832 934 1918 philosophum
951 1831 1002 1916 (cf.
1015 1832 1117 1897 Zeller
1130 1832 1251 1897 Philos
1270 1833 1301 1898 d.
1321 1832 1377 1899 Gr.

201 1947 289 2028 llat,
322 1948 387 2011 343
413 1969 438 2013 c.
467 1947 542 2013 adn.
568 1950 616 2034 2),
649 1947 807 2033 Stilponis
839 1948 1029 2032 aequalem,
1060 1948 1196 2027 referre,
1229 1952 1268 2014 ut
1296 1949 1380 2015 fecit

200 2062 380 2148 Natorpius
405 2061 493 2148 apud
516 2063 597 2127 PW
622 2064 649 2126 ll
676 2064 771 2143 1055,
803 2063 948 2149 profecto
980 2084 1047 2128 non
1076 2063 1162 2128 licet.
1187 2062 1287 2148 Apud
1310 2068 1378 2129 Ae-

200 2177 338 2258 lianum,
371 2178 426 2264 qui
457 2177 573 2242 eadem
605 2177 644 2242 de
668 2177 770 2243 Laide
795 2183 910 2243 narrat
933 2178 983 2264 (V.
1008 2179 1040 2243 h.
1058 2178 1089 2242 X
1113 2180 1155 2264 2),
1184 2179 1379 2265 Cyrenaeus

201 2293 254 2357 ille
279 2291 426 2374 Εὐβώτας
448 2297 597 2375 vocatur,
623 2297 724 2378 atque
749 2293 831 2358 duos
848 2295 1003 2359 novimus
1020 2293 1265 2380 Olympionicas
1284 2296 1379 2360 simi-

200 2408 275 2473 liter
291 2408 474 2494 appellatos
492 2430 512 2472 a
529 2409 664 2494 Cyrenis
682 2409 851 2474 oriundos:
877 2409 961 2474 alter
984 2409 1031 2474 Ol.
1050 2411 1092 2473 93
1113 2410 1166 2496 (=
1181 2411 1258 2496 408)
1277 2433 1380 2477 cursu

200 2524 320 2588 vicisse
343 2522 486 2588 traditur
502 2524 595 2610 (Xon.
613 2523 727 2589 Helll
751 2527 780 2606 2,
808 2529 842 2607 1,
866 2525 959 2590 Diod.
977 2524 1051 2588 Xlll
1068 2527 1120 2606 68,
1138 2526 1195 2590 ubi
1211 2525 1378 2609 Εὕβατος),

202 2639 285 2704 alter
309 2638 469 2723 quadriga
493 2639 540 2704 Ol.
560 2642 623 2705 104
641 2640 694 2724 (z
712 2642 791 2722 364,
815 2641 914 2705 Paua.
932 2640 977 2705 Vl
995 2642 1024 2720 8,
1043 2643 1078 2722 2,
1103 2641 1143 2706 cl.
1160 2643 1191 2723 4,
1208 2643 1251 2728 2).
1285 2642 1379 2707 Neu-

201 2760 288 2819 trum
317 2777 391 2820 cum
419 2755 485 2837 illa,
518 2777 618 2840 quarn
651 2778 751 2841 supra
782 2757 973 2835 statuimus
1005 2756 1118 2821 Laidis
1150 2760 1263 2822 aetate
1297 2779 1379 2823 con-

199 2892 314 2968 gruere
324 2871 376 2956 ³⁷⁶)
390 2893 456 2936 non
472 2872 607 2937 infitior.
645 2871 709 2936 Sed
726 2872 882 2957 quoniam
898 2871 987 2957 apud
1003 2873 1134 2954 Istrum,
1152 2872 1380 2958 antiquiorem

200 2990 331 3067 testem,
357 2987 411 3071 qui
436 2987 579 3051 tortasse
602 2987 673 3072 ipse
698 2987 893 3073 Cyrenensis
917 2987 991 3069 tuit,
1017 2986 1108 3052 aliud
1131 2987 1297 3052 habemus
1315 3011 1378 3053 no-

200 3124 276 3166 men
295 3141 335 3148 —
353 3107 387 3166 et
402 3103 614 3167 Aristotelem
628 3102 887 3189 Olyrnpionicam
906 3102 1039 3168 aliunde
1052 3124 1119 3168 non
1135 3104 1213 3168 novi
1227 3142 1268 3150 —
1283 3104 1381 3171 illam

200 3217 484 3282 narratiunculam
515 3216 558 3282 ad
588 3221 737 3304 tempora
768 3217 957 3283 delinienda
985 3216 1134 3282 adhiberi
1157 3238 1254 3303 posse
1278 3240 1378 3300 nego.

306 3332 423 3397 Nullas
437 3332 546 3397 adhuc
556 3333 757 3398 offendimus
775 3332 1003 3416 difficultates,
1021 3334 1142 3417 quibus
1156 3332 1240 3398 duas
1252 3332 1379 3400 Laides

201 3447 403 3530 distinguere
427 3470 592 3530 cogamur.
636 3448 700 3514 Sed
716 3448 877 3514 nonnulla
894 3448 1045 3514 consulto
1061 3448 1268 3535 reposuimus
1285 3470 1380 3515 nunc

202 3563 499 3628 commerrroranda.
524 3564 609 3629 Nam
626 3568 858 3650 praeterquam
875 3563 963 3648 quod
979 3563 1116 3629 Laidem
1132 3563 1292 3651 Hyccaris
1315 3565 1379 3630 ad-

199 3683 331 3743 vectam
348 3700 420 3744 osse
437 3678 585 3761 tradunt,
604 3681 706 3744 etiam
722 3680 794 3745 filia
810 3679 1018 3760 Timandrae,
1036 3680 1162 3744 amicae
1178 3679 1378 3764 Alcibiadis,

199 3792 303 3859 luisse
321 3793 451 3860 dicitur:
477 3795 586 3881 Satyr.
601 3817 652 3881 ap.
671 3796 791 3860 Athen.
809 3796 868 3859 Xll
886 3796 950 3860 535
963 3817 989 3860 c.
1006 3795 1081 3859 Xlll
1097 3796 1163 3859 574
1179 3816 1196 3859 e
1210 3794 1253 3879 (v.
1271 3818 1380 3882 supra

200 3933 229 3995 p.
250 3911 339 3993 142),
364 3910 451 3976 Plut.
476 3910 579 3976 Alcib.
598 3912 650 3988 39,
675 3911 775 3976 schol.
796 3912 896 3976 Arist.
914 3911 1000 3976 Plut.
1021 3913 1094 3976 179.
1135 3909 1283 3990 Quaado
1302 3912 1379 3977 eius

200 4026 324 4107 origine
337 4024 458 4111 duplex
470 4027 639 4105 memoria,
653 4027 682 4091 si
695 4027 825 4110 utrique
838 4026 922 4091 tides
936 4025 1084 4109 debetur,
1098 4025 1188 4091 nullo
1200 4025 1265 4091 alio
1273 4027 1378 4094 modo

199 4145 310 4226 potest
334 4142 497 4224 coniungi,
530 4163 630 4227 quam
655 4143 682 4206 si
707 4141 918 4206 Timandra
948 4163 989 4206 ex
1012 4140 1171 4227 Hyccaris
1202 4144 1275 4205 orta
1299 4163 1378 4209 esse

307 4319 349 4385 ³⁷⁶)
368 4320 411 4371 Ad
443 4320 554 4372 Laidem
586 4319 801 4385 quattuordecim
832 4336 964 4373 annorum
1002 4317 1231 4372 narratiunculam
1266 4321 1379 4374 rettulit

199 4408 321 4461 llolmina
343 4411 357 4461 l.
378 4411 395 4461 l.
416 4409 489 4476 (adn.
510 4410 579 4472 356).
