3136 5024
695 241 870 294 ...λῃ-

195 418 395 504 ἐπηλφίτωσε,
425 418 549 504 γράψας
578 421 682 503 δρᾶμα
713 415 975 502 Μνησιπτόλεμον,
1002 417 1057 483 και
1088 414 1242 506 κωμῳδῶν
1272 416 1375 485 αὐτόν

195 531 250 598 καὶ
289 531 355 619 περὶ
390 531 448 619 τῆς
488 532 605 610 πόσεως
644 542 714 610 ταῖς
750 533 861 598 ἐκείνου
896 530 1050 618 χριόμενος
1087 541 1202 620 φωναῖς
1244 534 1373 619 ἐποίησε

195 651 323 733 λέγοντα
334 654 418 714 κτλι
436 651 585 733 sequitur
601 649 639 713 fr.
656 653 671 713 1
687 648 747 714 K0.
779 648 870 713 Nulli
885 649 985 730 igitur
1001 647 1203 715 dubitationi
1221 650 1371 717 obnoxia

197 770 248 830 est
262 765 362 830 ‘tituli
385 765 560 851 explicatio
586 786 647 829 nec
670 765 780 829 minus
805 767 930 829 certum
946 764 1139 829 historicum
1164 765 1257 829 illum
1281 765 1372 832 deri-

196 901 270 944 sum
294 881 329 944 in
352 881 425 966 ipsa
441 879 611 945 comoedia
627 880 733 961 egisse
749 883 870 965 partes
900 880 1043 965 Tempus
1060 901 1102 944 ex
1119 880 1184 945 alio
1202 885 1246 945 At
1232 881 1372 947 thenaei

196 994 269 1060 loco
294 995 457 1078 colligitur
485 995 571 1081 (XIV
596 997 658 1060 691
684 994 731 1082 dl:
761 997 1014 1079 Μνησιπτολέμου
1042 995 1117 1081 φησι
1147 992 1368 1083 (Δηιιητριος
1356 1024 1373 1064 ο

197 1109 351 1196 Σκηψιος)
382 1135 455 1176 ποτε
485 1135 537 1177 του
562 1109 787 1196 ἱστοριογράφου
820 1107 872 1175 τοῦ
896 1107 981 1195 παρὰ
1000 1107 1155 1200 Ἀντιόχῳ
1185 1135 1228 1199 τῳ
1259 1135 1372 1197 προσα-

197 1228 370 1311 poponem
393 1225 526 1313 Μεγάλῳ
553 1230 692 1291 πλεῖστον
716 1224 894 1310 ἰσχύσαντος
916 1220 978 1290 υἱόν
994 1229 1137 1308 γενέσῖιαι
1153 1230 1301 1293 Σέλευκον
1318 1227 1383 1293 τόν

197 1338 255 1405 τόν
280 1339 389 1425 ἱλαρῶν
415 1338 564 1430 ᾀσμάτων
588 1342 727 1426 τοιητην.
766 1340 851 1423 Ergo
882 1362 987 1425 usque
1012 1339 1180 1406 adfinem
1203 1343 1293 1408 tertii
1316 1345 1374 1409 vel

197 1456 330 1521 initium
361 1456 497 1521 secundi
529 1479 558 1522 a.
585 1457 657 1521 (tur.
683 1479 715 1522 n.
741 1455 865 1521 saeculi
893 1459 1027 1541 poetam
1057 1458 1193 1541 eiusque
1216 1457 1372 1524 fabulam

112 1613 113 1617 =
198 1571 394 1637 descendero
418 1573 593 1637 iubeamus
617 1594 752 1637 neeesse
769 1575 821 1636 est
845 1570 1008 1657 (regnavit
1024 1593 1166 1655 magnus
1182 1574 1371 1640 Antiochus

198 1709 241 1756 a..
257 1688 456 1775 223-181).
515 1690 625 1772 Atque
655 1688 753 1753 istius
784 1688 941 1773 temporis
972 1687 1050 1752 talis
1084 1687 1253 1754 comoedia
1287 1711 1372 1755 sane

199 1802 299 1885 digna
330 1807 382 1869 est
413 1807 609 1869 memoratu.
657 1803 742 1868 Doct
727 1807 798 1868 tarn
829 1825 902 1868 eam
934 1825 1006 1868 esse
1037 1825 1103 1868 non
1128 1805 1278 1885 Athenis
1312 1806 1373 1871 sed

198 1919 394 1983 Antiochiae
418 1931 679 1984 consentaneum
705 1923 827 2000 σοι-
843 1918 876 1982 in
894 1940 1016 1983 scaena
1036 1919 1176 1984 simodo
1194 1920 1369 2003 agebatur

199 2033 287 2118 quod
298 2034 379 2098 mihi
392 2034 525 2119 quidem
542 2055 609 2099 non
626 2046 720 2099 extra
734 2033 977 2099 dubitationem
989 2033 1203 2100 videturesse
1213 2035 1370 2121 positum.

198 2149 315 2214 Nonne
342 2153 476 2215 tantum
501 2155 540 2215 ut
562 2150 726 2232 legeretur
748 2150 858 2236 potuit
882 2150 1004 2214 scribi?

305 2266 353 2330 De
369 2265 621 2351 Mnesiptolemo
645 2265 710 2328 nisi
725 2264 786 2330 hoc
804 2264 849 2329 nil
866 2265 998 2346 scimus
1025 2265 1064 2330 cf.
1083 2264 1249 2330 Susemihl
1272 2265 1370 2333 Litt-

199 2379 316 2446 Gesch.
335 2380 364 2445 d.
383 2380 529 2445 Alere-nt
552 2381 565 2444 l
591 2381 664 2446 635.
677 2381 713 2466 78)

305 2577 522 2642 Pertractatis
547 2578 586 2642 iis
610 2576 728 2658 titulis,
753 2577 809 2661 qui
834 2599 855 2641 a
871 2577 992 2661 quibus
1013 2576 1181 2663 repetendi
1205 2577 1273 2642 sint
1288 2579 1371 2645 viris

199 2695 259 2755 aut
283 2691 443 2757 traditum
468 2696 520 2758 est
536 2696 597 2757 aut
613 2691 792 2757 admodum
808 2691 971 2778 probabili
988 2692 1242 2758 ratiocinatione
1258 2697 1372 2779 potest

199 2808 314 2881 statui,
346 2807 389 2872 ad
420 2807 600 2873 secundam
631 2807 750 2873 accedo
774 2808 947 2873 titulorum
973 2807 1122 2889 classem,
1148 2829 1261 2873 eorum
1285 2807 1368 2892 dice,

198 2945 281 3007 rpuos
312 2944 516 3008 quamquam
548 2924 627 2987 mihi
657 2922 790 3007 quidem
821 2923 971 3009 persuasi
1002 2922 1045 2987 ad
1070 2928 1175 2988 certos
1206 2923 1370 3008 quosdam

198 3043 346 3125 spectare
359 3040 520 3121 homines
534 3043 648 3103 tamen
661 3039 759 3104 meris
773 3040 979 3118 coniecturis
993 3060 1245 3122 nonnumquam
1258 3040 1370 3106 minus

198 3154 388 3241 exploratis,
413 3155 453 3220 iis
476 3154 553 3219 licet
578 3155 759 3237 assignare.

402 3366 604 3436 Straiiidis
633 3367 816 3454 Ζώπυρος
838 3391 923 3452 περι
914 3367 1155 3452 καιόμενος.

304 3518 486 3585 Praecedat
517 3519 689 3585 Strattidis
713 3518 857 3605 Ζώπυρος
889 3517 1114 3604 περικαιόμενος
1145 3519 1252 3603 (Mein.
1275 3519 1307 3584 λι.
1326 3542 1368 3585 cr.

198 3636 262 3699 225
287 3657 351 3719 sq.;
375 3635 436 3700 Ko
453 3636 467 3699 l
493 3636 577 3721 714)
604 3636 698 3700 cuius
722 3635 857 3700 fabulae
882 3635 1018 3699 titulum
1042 3657 1063 3698 a
1083 3633 1217 3699 Suida'
1209 3656 1242 3698 ιιι
1260 3634 1368 3700 Strat-

304 3829 335 3894 i⁸l
364 3832 394 3881 ln
419 3831 570 3897 fragmento
595 3831 709 3896 catalogi
734 3831 866 3882 victorum
893 3830 1000 3897 Epinici
1032 3847 1129 3883 nomen
1159 3831 1257 3897 legitur
1280 3831 1368 3883 IGII

197 3920 248 3972 911
270 3935 340 3970 u:
360 3919 443 3971 Wilh
464 3919 529 3971 Urk
531 3937 575 3986 p.
597 3920 656 3985 166,
675 3919 709 3970 ab
728 3919 779 3970 hoc
797 3920 853 3970 viro
874 3917 952 3970 docto
937 3920 1079 3972 oincertis
1046 3919 1222 3971 tirustulis
1241 3935 1369 3972 annume-

197 4014 264 4061 rato
302 4009 388 4072 Quil.
410 4009 426 4059 l
446 4008 512 4059 haec
532 4016 645 4060 annotet
652 4008 757 4074 :„Dcr
781 4005 885 4059 Schrrft
902 4007 957 4059 und
977 4008 1025 4059 der
1046 4009 1128 4061 Stellc
1148 4009 1230 4074 nach,
1254 4007 1297 4060 die
1321 4007 1370 4060 der

197 4096 307 4148 Name
301 4113 328 4148 m
349 4095 397 4148 der
409 4096 483 4148 Liste
497 4098 637 4148 oinnimmt
627 4097 731 4162 tkann
745 4094 886 4151 Ἐπίνικος
900 4096 1035 4149 allenialls
1048 4095 1096 4148 der
1109 4097 1245 4150 komischo
1259 4097 1339 4149 Dicht
1328 4101 1370 4149 ter

197 4186 262 4251 sein,
282 4185 330 4237 der
349 4201 397 4236 uus
416 4185 464 4237 der
477 4186 537 4237 Zoit
550 4138 697 4238 Antiodhos
717 4185 763 4237 111.
779 4185 899 4237 bekannt
918 4187 976 4238 ist.“
1015 4184 1067 4237 Sed
1086 4184 1269 4252 fragmentum
1288 4186 1368 4238 etiem

195 4274 268 4324 tituli
287 4273 369 4325 lGll
388 4273 476 4328 9lld‘
496 4299 529 4317 =
548 4274 631 4326 Wilh.
646 4274 711 4327 Urlr.
732 4291 759 4340 p.
773 4274 853 4341 lton
874 4282 962 4340 potest
983 4291 1039 4326 esso
1064 4277 1104 4340 (ut
1126 4276 1211 4328 voluit
1229 4274 1368 4342 Doerpfel·

197 4361 267 4427 dius)
287 4364 323 4414 ita
343 4368 373 4414 ut
391 4364 429 4414 illi
450 4361 579 4431 (Ἔχετος
598 4367 645 4414 III
663 4360 832 4432 [Ἐ]πίνικος
851 4366 912 4428 Ill)
931 4371 1035 4415 actores
1054 4364 1148 4429 tragici
1167 4362 1243 4416 fient.
