3136 5024
657 305 762 358 --99
800 335 835 342 ..

161 485 227 550 645
240 484 321 570 sqq.)
340 482 379 548 de
392 483 527 548 Phaone
543 482 648 547 fuisse
662 484 795 548 constat
810 486 917 546 nauta
928 469 984 546 illo
1000 480 1154 547 fabuloso
1166 481 1216 567 258)
1229 480 1333 546 idem-

162 623 225 686 que
248 601 283 666 in
306 600 473 666 Leucadia
495 599 678 678 Menandri,
709 601 765 685 qui
789 601 922 686 saepius
947 599 1173 685 Antiphonem
1198 605 1333 664 secutus
1379 620 1381 624 ’

161 739 234 783 csse
269 716 388 783 dicitur
423 716 474 802 (cf.
506 716 594 781 infra
616 738 646 801 p.
674 718 734 782 101
768 719 840 802 sq.),
872 718 984 801 partes
1019 716 1095 798 egit,
1131 715 1332 800 Autiph'anis

160 845 291 908 quoque
314 823 476 905 fabulam,
501 823 565 889 nisi
588 822 673 888 forte
697 844 786 888 nova
816 822 1004 906 fragmenta
1035 821 1126 887 aliud
1157 821 1332 902 docebunt,

160 939 203 1005 ab
238 939 352 1005 eodem
386 943 532 1025 repetere
567 939 664 1016 malo,
701 939 855 1023 quamvis
890 938 1095 1020 argumentis
1130 938 1333 1003 sententiam

160 1056 297 1141 probare
317 1043 506 1139 nequeam.'

535 1203 752 1272 petraeae
778 1207 967 1290 uratia.
1002 1168 1005 1172 ’

266 1356 317 1423 Ad
326 1356 507 1443 Cephalum
519 1356 698 1440 Philetaeri
711 1356 912 1442 (Meinhcr.
923 1357 1002 1437 3503
1027 1355 1331 1442 Ko.11231)trans-
1420 1433 1424 1442 p

159 1494 276 1538 eamus
300 1494 321 1537 a
345 1472 414 1538 solo
440 1471 544 1537 Suida
566 1471 739 1537 laudatam
764 1471 800 1559 (s.
818 1494 850 1536 ν.
868 1472 1055 1558 Φιλέτ.),””)
1081 1470 1120 1536 de
1140 1493 1207 1558 qua
1224 1470 1331 1536 denuo

160 1588 253 1653 lubet
269 1587 451 1653 exscribere
468 1587 611 1652 Meineki
626 1588 744 1652 verba:
772 1586 827 1670 „Si
842 1608 919 1652 vere
935 1587 997 1653 hoo
1013 1586 1110 1652 titulo
1129 1585 1331 1659 comoediam

160 1703 335 1789 inscripsit,
361 1707 593 1785 argumentum
618 1703 689 1767 eius
720 1724 786 1768 non
817 1702 976 1768 dissimile
1006 1701 1111 1768 fuisse
1142 1701 1331 1768 crediderim

159 1819 199 1900 ei,
225 1817 312 1903 quod
335 1819 369 1883 in
393 1817 544 1883 Procride
569 1818 729 1883 tractavit
759 1817 920 1883 Eubulus
931 1817 982 1904 260)
1020 1817 1093 1882 Nisi
1115 1817 1200 1883 forte
1225 1817 1267 1882 ab
1293 1838 1331 1882 eo
1361 1815 1365 1822 ’

160 1933 302 2020 Cephalo
327 1936 560 2016 argumentum
583 1932 719 1998 fabulae
743 1933 957 2018 repetendum
982 1937 1043 2015 est,
1069 1954 1167 2017 quem
1187 1933 1331 2015 graviter

159 2052 257 2115 notat
280 2049 519 2135 Aristophanes
543 2048 628 2114 Eccl.
654 2050 728 2131 248,
754 2049 998 2133 quaeDobraei
1017 2047 1237 2113 videturesse
1255 2069 1331 2113 sen-

160 2165 296 2230 tentia.“
346 2164 440 2244 Quod
464 2186 538 2230 cum
563 2185 604 2229 ne
627 2164 724 2230 hodie
749 2163 879 2250 quidem
896 2163 1120 2247 fragmentum
1143 2163 1330 2228 comoediae

161 2279 195 2344 in
229 2280 336 2346 lucem
374 2280 540 2366 prolatum
576 2280 633 2363 sit,
669 2301 736 2345 non
771 2281 877 2362 magis
910 2283 1021 2367 potest
1056 2279 1195 2344 discerni
1230 2299 1330 2363 quam

160 2397 272 2460 aetate
296 2394 448 2460 Meineki.
480 2394 550 2460 Hoc
566 2416 670 2459 unum
686 2395 763 2460 licet
780 2394 894 2476 dicere,
920 2394 1123 2460 comoediam
1140 2377 1182 2459 ab
1200 2380 1329 2459 oratore
1375 2382 1378 2387 ⁴

160 2510 292 2594 aequali
316 2510 459 2597 (Kirchn.
485 2534 510 2576 s.
527 2533 575 2575 nr.
594 2512 691 2597 8271)
717 2510 965 2576 denominatam
989 2511 1123 2575 minime
1146 2509 1251 2574 videri
1270 2509 1329 2574 ab·

159 2625 288 2691 horrere
313 2626 355 2691 ab
379 2627 510 2708 ingenio
534 2626 714 2691 Philetaeri
738 2625 965 2710 scribendique
989 2626 1226 2691 ratione:.eius
1243 2622 1345 2690 enim

159 2739 301 2807 fortasse
326 2745 378 2806 est
409 2741 578 2807 comoedia
598 2737 766 2818 ’Ἄντυλλος
795 2742 954 2827 inscripta
988 2741 1052 2827 (vel
1081 2741 1272 2821 Nicostrati,
1297 2762 1328 2805 v.

160 2878 260 2942 supra
282 2879 312 2943 p.
330 2858 395 2944 44),
421 2861 455 2921 et
471 2858 504 2921 in
528 2857 656 2939 viginti,
682 2878 767 2941 quae
792 2864 927 2922 servata
951 2861 1039 2937 sunt,
1064 2856 1259 2938 fragmentis
1276 2861 1331 2922 sat

118 2994 122 3005 ·
158 2972 273 3057 paucis
298 2973 370 3056 (Κο.
388 2972 416 3036 ll
440 2973 506 3037 230
522 2974 603 3065 sqq.)
636 2953 820 3037 illuduntur
855 2972 1002 3059 (excepto
1033 2971 1088 3036 illo
1121 2973 1326 3037 meretricum

159 3087 321 3170 catalogo,
351 3109 448 3173 quem
478 3088 616 3174 praebet
638 3088 677 3154 fr.
702 3090 722 3152 9
756 3087 797 3176 [v.
822 3088 909 3152 inira
931 3111 962 3174 p.
989 3089 1052 3152 122
1076 3086 1147 3175 00))
1180 3087 1329 3151 Phormi-

159 3203 229 3267 sius
253 3202 425 3290 (mortuus)
449 3203 487 3268 fr.
506 3206 535 3285 6,
549 3203 600 3291 261)
624 3203 807 3290 Hyperides
823 3206 933 3269 orator
956 3203 994 3269 fr.
1012 3205 1042 3284 2,
1067 3180 1239 3289 Diopithes
1256 3203 1328 3287 qui-

160 3314 236 3382 dam
259 3317 298 3382 fr.
316 3320 346 3400 9,
364 3320 384 3381 2
409 3317 460 3403 (cf.
478 3318 565 3384 infra
582 3318 657 3383 adu.
676 3320 762 3405 329),
788 3318 915 3384 Ctesias
931 3324 1027 3404 pater
1043 3318 1161 3395 Cranai
1180 3318 1219 3384 fr·
1238 3318 1328 3406 3,l⁰²)

159 3432 276 3498 Peleus
292 3433 416 3516 figulus
432 3433 471 3498 fr.
488 3436 519 3515 4,
544 3438 770 3500 memorantur
785 3433 935 3514 SotadeS,
961 3434 1107 3499 'laureas
1124 3433 1162 3498 fr.
1181 3435 1211 3513 3,
1236 3413 1342 3500 Stra,

159 3549 289 3614 tonious
302 3549 476 3615 citharista
483 3550 521 3615 fr.
533 3552 584 3615 14.
596 3553 646 3632 15,
661 3549 836 3635 (Patauion
846 3571 971 3633 coquus
980 3548 1133 3637 [fortasse
1141 3548 1251 3638 fictus]
1261 3549 1326 3635 iu).

266 3823 308 3888 ²⁶⁸)
328 3826 367 3881 Cf.
388 3827 420 3878 de
441 3843 471 3879 eo
490 3827 593 3880 Usener
613 3827 805 3878 Gottcrnamcn
826 3844 851 3893 p.
871 3827 923 3879 328
942 3842 998 3892 sqq.

266 3913 311 3981 259)
331 3914 371 3970 Cf,
391 3915 512 3981 Wagner
531 3916 599 3967 Diss.
620 3933 644 3982 p.
664 3916 707 3968 36.
727 3916 768 3968 49.

265 4001 310 4067 ²⁴¹⁰)
330 4004 370 4056 Cf.
391 4004 474 4056 Mein.
494 4005 520 4055 h.
541 4020 576 4056 cr.
596 4005 664 4069 3663
684 4004 733 4056 Κο.
755 4005 779 4055 ll
799 4004 851 4056 195
870 4019 907 4068 sq.

265 4090 309 4158 ²⁶¹)
327 4093 357 4144 ln
378 4092 528 4159 Κυναγίδι,
552 4092 585 4144 cf.
607 4092 679 4144 infra
705 4092 775 4144 hunc
801 4094 840 4143 tit.
868 4092 1031 4143 Phormisius
1057 4106 1111 4143 una
1131 4108 1190 4143 cum
1210 4091 1329 4155 Cephalo

158 4181 192 4231 al.
204 4179 347 4233 Thebanos
374 4183 480 4234 exsules
507 4180 608 4233 adiuvit
633 4182 736 4245 (Dinl
762 4182 823 4246 38);
849 4179 978 4232 irridetur
1003 4181 1149 4232 aPlatone
1176 4181 1275 4231 comico
1300 4180 1328 4230 in

158 4268 265 4334 Legatis
285 4270 345 4328 (Κο.
366 4271 448 4323 1632
469 4272 547 4337 sqq),
569 4271 615 4335 qui
635 4277 661 4322 et
681 4270 828 4336 Cephalum
847 4271 955 4321 vellicat
974 4268 1007 4320 fr.
1029 4270 1079 4321 185
1097 4268 1157 4333 (Κο.
1177 4269 1189 4320 l
1209 4268 1279 4330 652).

266 4357 309 4424 ²⁶²)
329 4358 369 4412 Cf.
388 4362 499 4412 Anaxil.
520 4359 552 4411 fr.
578 4360 619 4412 20.
640 4360 681 4412 30.
702 4359 735 4412 31
757 4359 817 4423 (Κο.
832 4359 930 4412 11272.
949 4358 1018 4422 273).
1038 4356 1327 4423 Athenllllssdsqq.

158 4476 191 4483 —
211 4446 278 4500 luae.
298 4450 323 4515 4,
343 4449 366 4501 9.
387 4448 436 4501 Κο.
457 4449 496 4501 lll
515 4450 582 4514 7403
601 4447 712 4500 Kirchn.
732 4464 751 4500 s.
765 4463 805 4500 nr.
823 4448 900 4500 8841.
