3136 5024
702 221 861 273 ,3-

303 399 331 462 Α
362 399 552 464 nominibus
583 420 697 464 earum
727 420 951 484 personarum,
983 416 1069 483 quae
1098 389 1221 484 primas
1251 401 1286 465 in
1316 400 1369 466 ia-

196 511 284 577 bulis
307 516 418 598 partes
443 514 605 597 agebant,
637 513 753 579 titulos
784 517 934 600 sumptos
965 535 1037 579 esse
1060 513 1095 578 in
1122 513 1294 596 tragoedia
1317 520 1370 581 est
1440 554 1445 557 -

197 627 469 694 usitatissimum:
503 626 608 705 Φινεύς
631 627 731 714 Νιόβη
755 627 837 705 Αἴας
855 626 1189 714 ἈντιγόνηἮρακλής
1204 628 1367 717 Mitteret,

117 799 119 814 ,
196 763 303 826 neque
319 743 415 809 aliter
430 745 464 809 in
480 745 521 809 iis
538 742 724 825 comoediis,
749 719 869 828 quibus
885 744 920 809 in
936 743 1052 808 ludum
1068 745 1242 830 iocumque
1258 745 1367 811 detor-

197 858 385 943 quebantur
407 859 599 925 fabularum
615 863 649 925 et
664 859 908 942 tragoediarum
925 861 1174 947 argumenta.¹⁰)
1210 859 1368 926 Socratici

195 973 391 1061 philosophi,
409 976 466 1059 qui
481 975 598 1041 eadem
611 978 723 1040 aetate
735 975 929 1057 floruerunt,
948 997 1014 1060 qua
1030 979 1148 1061 poetae
1168 975 1296 1042 mediae
1313 998 1367 1042 co-

197 1089 355 1175 moediae,
381 1112 479 1176 saepe
501 1089 639 1174 dialogis
657 1091 726 1156 suis
742 1111 854 1156 eorum
870 1091 1043 1156 hominum
1058 1092 1194 1156 nomina
1210 1092 1366 1158 inscribe·
1408 1145 1410 1148 .

196 1204 289 1287 bant,
307 1226 389 1290 quos
405 1208 536 1292 praeter
548 1205 717 1271 Socratem
733 1206 894 1292 principes
910 1205 1115 1271 inducebant
1131 1205 1366 1292 colloquiorum

195 1321 405 1407 personas¹¹)
450 1321 750 1408 Logographorum,
775 1322 832 1407 qui
855 1319 979 1386 Graece
1002 1325 1174 1404 vocantur,
1200 1323 1366 1388 orationes

195 1434 290 1500 initio
315 1438 453 1501 ornatae
476 1438 556 1502 sunt
574 1436 764 1502 nominibus
788 1457 911 1518 eorum,
936 1436 993 1521 qui
1009 1440 1209 1502 accusantur
1232 1437 1286 1502 vel
1309 1437 1366 1502 de·
1419 1514 1422 1516 ,

195 1550 392 1621 ienduntur:
423 1576 491 1621 non
521 1556 711 1621 inauditum
741 1557 841 1639 igitur
871 1562 923 1622 est
952 1557 1019 1622 tale
1050 1557 1223 1623 titulorum
1251 1579 1364 1639 genuS,

195 1667 293 1751 quale
316 1690 405 1735 nuno
429 1693 544 1737 sumus
568 1673 795 1760 tractaturi.¹²)

125 1772 128 1778 ’
302 1784 472 1851 Eiusmodi
505 1787 641 1853 titulum
677 1792 790 1853 autem
824 1789 1010 1873 quicunque
1047 1787 1203 1870 offendit,
1240 1796 1363 1869 om'neS,

59 1907 61 1924 ἶ
120 1988 123 1994 ἱ
196 1900 329 1992 opinor,
343 1901 469 1967 habeat
491 1904 724 1986 assentientes
749 1925 823 1969 curn
843 1924 1019 1990 personam
1041 1902 1197 1968 in'indice
1213 1903 1365 1968 nomina-

196 2019 267 2082 tam
281 2018 422 2082 ooniciat
437 2019 610 2104 primarias
622 2018 758 2084 fabulae
770 2023 882 2105 partes
899 2019 937 2083 in
953 2020 1040 2104 ipsa
1056 2039 1201 2084 scaena
1218 2012 1365 2083 comica

196 2132 317 2216 egisse;
333 2133 446 2215 negari
460 2133 592 2218 quidem
604 2134 721 2217 nequit
732 2135 805 2199 lieri
820 2135 979 2220 potuisse,
996 2136 1043 2216 ut,
1062 2154 1147 2219 quac
1163 2134 1197 2215 in
1215 2132 1364 2197 dramate
1391 2160 1394 2166 ·

194 2249 541 2334 repraesentabantur,
554 2248 697 2335 quodam
705 2248 802 2315 modo
816 2248 956 2314 adillam
965 2270 1139 2334 personam
1152 2249 1363 2334 pertinerent,

196 2384 269 2428 cum
293 2364 366 2450 ipsa
382 2385 448 2429 non
465 2369 544 2429 ante
561 2365 673 2430 oculos
688 2364 833 2451 prodiret
848 2366 1087 2450 spectatorum3
1112 2363 1170 2429 sed
1189 2363 1272 2429 talia
1288 2364 1366 2449 quia

195 2478 288 2543 nulla
303 2479 432 2544 ratione
448 2483 590 2565 possunt
606 2481 681 2545 sciri
692 2481 727 2544 in
740 2479 925 2562 comoediis
940 2500 1024 2564 quae
1038 2479 1135 2545 titulo
1148 2478 1365 2562 frustulisque

196 2594 323 2676 exiguis
348 2595 493 2680 exceptis
517 2595 615 2682 plane
638 2597 814 2681 perierunt,
839 2596 926 2682 prior
955 2595 1012 2660 illa
1040 2595 1228 2659 coniectura
1250 2597 1365 2679 utpote

194 2710 264 2775 veri
277 2709 413 2775 similior
426 2711 541 2784 merito
556 2712 670 2794 stabit,
684 2711 748 2776 nisi
761 2716 846 2796 quae
859 2732 980 2776 causae
991 2708 1365 2796 repugnabuntaliunde

195 2827 332 2891 tractae.
346 2827 381 2911 13)

302 3013 321 3077 ⁹)
341 3013 380 3066 Cf.
406 3013 578 3080 Hippenstiel
604 3014 645 3066 De
672 3014 836 3067 Graecorum
862 3015 1023 3079 tragicorum
1043 3013 1194 3080 principum
1213 3011 1366 3064 fabularum

196 3103 348 3156 nominibus
367 3102 447 3168 (Dies.
467 3103 553 3170 Marp.
575 3104 655 3170 1887)
676 3121 701 3170 p.
721 3104 755 3156 53
774 3119 813 3170 sq.

305 3191 335 3267 ¹9)
355 3191 397 3246 Cf.
417 3191 478 3243 adn.
498 3193 523 3245 8.

304 3280 334 3346 ¹¹)
354 3279 395 3333 Cf.
410 3281 530 3347 Prolegg.
545 3282 572 3332 in
592 3281 658 3332 Plat.
680 3280 774 3347 philos.
795 3297 815 3333 c.
837 3281 870 3334 18
889 3280 957 3332 Plat.
979 3278 1019 3332 ed.
1033 3279 1124 3332 Herm.
1139 3279 1201 3347 Vp.
1215 3279 1266 3330 ‘212
1280 3295 1318 3344 sq.
1333 3309 1368 3317 —

195 3367 229 3420 cf.
249 3370 382 3436 Anonym.
410 3369 509 3422 Comm.
534 3371 563 3422 in
586 3370 655 3421 Plat.
680 3369 791 3422 Theaet.
816 3369 857 3421 ed.
877 3370 951 3422 Diels
975 3375 1002 3420 et
1028 3368 1161 3420 Schubart
1180 3384 1204 3432 p.
1225 3367 1241 3417 4
1260 3367 1320 3432 (col.
1342 3367 1368 3432 3,

196 3457 230 3510 28
242 3462 308 3523 sqq.)
327 3460 437 3525 φέρεται
457 3456 489 3508 δὲ
507 3457 553 3509 καὶ
572 3456 633 3510 ἄλλο
651 3460 797 3528 προοίμιον
814 3455 977 3527 ὑπόψυχρον
991 3456 1094 3525 σχεδὸν
1107 3458 1161 3508 τῶν
1175 3457 1242 3506 ἴσων
1255 3458 1366 3523 στίχων.

196 3541 226 3596 οὖ
250 3543 347 3616 ἀρχή·
376 3544 448 3615 ,epo
465 3565 506 3614 γε,
522 3545 543 3600 ὦ
559 3550 615 3613 παῖ,
631 3551 723 3615 φέρεις
742 3547 796 3598 τὸν
809 3547 886 3617 περὶ
904 3543 1090 3615 &compton
1109 3543 1242 3612 λόγον“;
1262 3560 1314 3611 quo
1334 3543 1367 3596 de

199 3637 257 3688 loco
277 3652 318 3688 mc
338 3637 442 3689 monuit
461 3654 483 3689 v.
504 3636 529 3689 d.
550 3637 722 3689 Hermannus
741 3637 869 3689 Schoene.

305 3723 335 3790 12)
359 3727 455 3777 Aetate
480 3726 562 3792 paulo
586 3727 732 3792 posteriore
756 3741 847 3778 eorum
871 3740 1072 3791 nonnumquam
1092 3722 1244 3776 nominibus
1268 3724 1367 3788 scripta
1406 3739 1408 3743 ’

195 3813 387 3880 insigniebam,
413 3830 479 3881 quos
502 3816 545 3866 vel
569 3815 640 3866 vivos
664 3816 706 3867 vol
730 3820 848 3866 mortuos
872 3812 998 3866 volebant
1023 3813 1170 3865 honorare:
1195 3810 1229 3863 of.
1249 3810 1367 3862 Meiuek.

142 3941 145 3946 -
195 3904 274 3955 Anal.
295 3904 372 3955 Alex.
393 3921 417 3970 p.
438 3904 485 3969 16;
504 3903 536 3956 Ε.
556 3902 649 3955 Rohde
670 3902 775 3955 Griech.
796 3903 882 3955 Rom.¹
904 3920 928 3968 p.
948 3902 981 3954 ll
1001 3901 1063 3954 adn.
1083 3902 1115 3966 33
1136 3900 1183 3952 sed
1203 3901 1306 3952 monuit
1325 3915 1367 3950 mc

196 3992 229 4044 H.
249 3991 368 4045 Schoenc
397 3995 450 4046 iam
475 3992 595 4045 Dioclem
620 3992 772 4060 Carystium
799 3991 932 4043 medicum
958 3992 1074 4044 nobilem
1102 3988 1260 4041 Archidami
1283 3989 1368 4054 putris

197 4096 291 4134 nomeu
320 4081 387 4134 libro
411 4080 569 4148 praefixisse
590 4082 757 4148 (Wcllmunn
781 4080 1082 4146 Fragmentsammlung
1112 4078 1160 4131 der
1183 4077 1367 4146 griechischen

196 4161 278 4223 Arzte
298 4171 310 4221 l
329 4189 353 4238 p.
374 4172 415 4223 65,
436 4172 478 4225 67.
500 4171 551 4225 188
570 4175 646 4238 sqq).

305 4260 335 4325 ¹³)
361 4260 457 4313 Casina
480 4261 607 4313 Plautina
626 4258 755 4312 eiusmodi
778 4258 915 4311 comoedia
940 4264 992 4324 est,
1016 4259 1044 4310 in
1070 4272 1123 4323 qua
1147 4270 1269 4323 persona,
1293 4254 1368 4305 cuius

197 4364 293 4400 nomen
307 4351 334 4400 iu
349 4348 435 4402 iudice
450 4351 556 4416 legitur,
573 4351 631 4417 ipsa
645 4351 673 4400 iu
686 4363 810 4400 scaenam
822 4363 873 4400 non
884 4346 1060 4412 deminutum
1074 4345 1120 4398 sed
1132 4345 1234 4397 Graeco
1245 4344 1368 4409 exemplo
