3136 5024
745 212 923 303 *93*ss

249 449 369 511 regem,
392 408 472 491 ¹non
502 424 802 492 Lacedaemonium
832 447 939 510 neque
967 426 1206 492 Atheniensem
1240 427 1426 510 significari

247 543 434 623 existimo“‚
459 581 502 588 -
525 543 721 626 praesertim
744 564 817 607 oum
841 542 933 624 illud,
958 542 1047 626 quod
1071 542 1278 608 ecomoedia
1303 545 1424 625 restat,

249 658 473 740 fragmentum
503 655 555 740 (27
579 656 653 742 Kc.)
683 657 774 722 haud
804 659 915 743 inepte
946 656 990 722 ad
1019 657 1187 723 Bacchum
1221 681 1261 742 „a
1283 679 1360 741 rege
1389 659 1425 723 in

248 795 339 838 mare
372 773 564 859 expulsum“
598 773 710 838 referri
740 774 847 860 possit
877 775 919 859 (v.
949 773 1008 840 Ko.
1040 771 1084 839 ad
1114 773 1198 861 loc).
1234 773 1426 860 Lycurgum

249 894 413 955 oratorem
437 889 675 955 Atheniensem
700 911 721 954 a
736 889 842 974 poetis
867 889 999 955 comicis
1030 893 1180 975 carptum
1211 909 1284 954 osso
1316 911 1426 974 neque

249 1005 436 1088 fragmento
460 1004 526 1069 ullo
558 1025 665 1089 neque
694 1004 759 1070 alio
790 1005 981 1071 testimonio
1015 1004 1187 1085 evincitur,
1223 1004 1312 1088 quod
1343 1026 1426 1071 casu

251 1119 413 1206 quodam,
434 1141 515 1184 sane
550 1123 662 1205 potest
695 1119 823 1185 factum
865 1119 1010 1206 essem)
1069 1119 1133 1185 Sed
1168 1119 1426 1185 Anaxandrides

250 1235 377 1302 multus
400 1235 466 1300 fuit
488 1235 522 1300 in
547 1234 725 1318 tragoediis
752 1235 917 1322 rebusque
949 1240 1050 1320 atque
1080 1211 1229 1322 personis
1259 1233 1427 1330 fabulosis

250 1352 285 1416 in
308 1352 417 1416 iocum
442 1351 611 1435 risumque
636 1349 882 1435 detorquendis:
907 1350 1075 1433 efahulis
1101 1371 1244 1434 quarum
1268 1350 1427 1416 novimus

252 1465 379 1548 titulos,
415 1466 548 1530 omnino
572 1487 709 1530 numero
740 1467 878 1548 triginta
909 1487 977 1548 sex,
1014 1469 1105 1530 certe.
1136 1464 1248 1530 decem
1284 1465 1428 1552 (praeter

251 1581 452 1667 Lycurgum)
477 1582 511 1645 in
535 1580 596 1646 tali
619 1582 760 1646 materia
783 1584 938 1646 versatae
962 1584 1042 1646 sunt
1073 1579 1240 1666 (Ἀγχίσης
1262 1579 1429 1667 Ἀχιλλεύς

246 1689 357 1781 Ἑλένη
374 1690 534 1788 Ἠρανιλῆς
550 1694 666 1779 Θησεύς
682 1696 835 1781 Νηρηίδες
855 1695 1018 1771 Ὀδυσσεύς
1036 1696 1193 1780 Πάνδαρος
1212 1697 1429 1782 Πρωτεσίλαος

253 1812 379 1899 Τηρεύς)
389 1835 406 1894 ;.
420 1811 547 1877 acoedit
569 1813 712 1878 fortasse
729 1811 872 1899 quodam
890 1811 987 1877 modo
1003 1810 1121 1897 Νηρειὶς
1144 1815 1188 1896 (v.
1207 1834 1307 1898 supra
1321 1835 1353 1898 p.
1370 1813 1428 1899 40)

253 1928 338 1993 etsi
362 1927 525 1993 IGXIV
550 1930 634 1994 1098
666 1927 912 1993 Anaxandridis
942 1927 1078 1993 fabulae
1109 1929 1429 2020 enumerantur‚²⁶⁶)

253 2042 416 2109 accedunt
438 2042 575 2110 Διονύσου
604 2045 691 2127 γοναί
708 2041 877 2129 Ἐρεγζοιύς
905 2042 957 2109 'lei
989 2042 1098 2130 (simul
1128 2047 1221 2108 totus
1252 2043 1430 2108 titulorum

253 2180 411 2224 numerus
436 2159 580 2225 efficitur
604 2159 846 2247 quadraginta).

636 2361 881 2447 Antiphanis
909 2361 1033 2430 Φάων.

362 2514 410 2578 De
441 2514 642 2599 Antiphanis
672 2513 808 2579 Phaone
840 2514 947 2600 (Mein.
977 2515 1009 2581 h.
1035 2536 1076 2579 cr.
1101 2515 1181 2596 3233
1212 2513 1273 2579 Ko.
1297 2513 1326 2578 ll
1353 2515 1430 2600 104)

174 2651 179 2656 ·
254 2629 337 2694 haec
367 2632 610 2695 commentatus
641 2633 694 2694 est
722 2629 921 2695 Meinekius:
962 2630 1048 2712 „Nec
1078 2629 1117 2694 de
1148 2629 1284 2694 Phaone
1313 2671 1345 2681 ··
1375 2651 1431 2694 res

256 2747 345 2809 certa
364 2785 368 2796 -
390 2749 471 2810 -est
505 2744 584 2824 Quis
601 2745 688 2810 enim
705 2744 873 2810 affirmare
890 2746 1024 2828 audeat,
1044 2766 1112 2811 non
1128 2743 1316 2810 famelicum
1334 2744 1432 2834 illum

255 2859 526 2946 Pythagoristam
563 2860 699 2925 fabulae
738 2882 859 2926 nomen
894 2861 1023 2926 dedisse
1059 2881 1157 2946 quem
1192 2865 1433 2926 commemorat

255 2975 368 3040 Alexis
393 2975 482 3061 apud
506 2976 627 3041 Athen.
652 2975 697 3039 IV
712 2998 742 3062 p.
763 2979 822 3041 161
843 2977 920 3063 cm)
1188 2967 1189 2972 ἵ

886 3089 929 3172 ἀρ’
958 3085 1035 3156 oloh’
1060 3088 1109 3156 δτι

474 3206 700 3290 Μελανιππίδης
723 3205 841 3292 ἑταῖρός
865 3205 1004 3273 ἐστικαὶ
1028 3205 1121 3271 Φάων

470 3319 524 3385 καὶ
547 3320 727 3406 Φυρόμαχος
749 3320 802 3386 καὶ
826 3322 934 3402 baete,
959 3325 986 3386 οἳ
1008 3319 1039 3387 δι’
1066 3317 1183 3407 ἡμέρας

470 3441 618 3502 δειπνοῦσι
641 3440 784 3522 πέμπτης
808 3435 943 3523 ἀλφίτων
967 3430 1096 3521 κοτύλην
1120 3437 1220 3521 storf

259 3551 322 3616 Sed
347 3552 504 3635 quoniam
528 3552 678 3617 Platonis
703 3554 817 3617 comici
841 3552 1044 3618 comoediam
1072 3552 1299 3636 cognominem
1324 3550 1397 3637 (Ko.
1419 3551 1434 3617 I

365 3764 409 3828 ²⁶⁶)
430 3764 550 3817 Oratoris
564 3780 651 3830 avum,
664 3764 816 3832 Lycurgum
827 3764 1056 3834 ‘Eliqvoranc'ooq
1074 3766 1235 3818 vellicabant
1248 3766 1377 3830 antiquae
1390 3781 1435 3818 eo-

259 3853 378 3906 nroediae
404 3862 509 3921 poetae,
536 3855 660 3905 Cratinus
684 3856 711 3904 in
732 3853 891 3906 Ilcliadibus
917 3853 951 3906 fr.
971 3847 1006 3906 30
1025 3854 1086 3920 (Κο.
1106 3856 1117 3906 Ι
1137 3856 1189 3921 21),
1208 3855 1385 3907 Pherecrates
1404 3856 1433 3906 in

259 3943 335 3995 Foris
355 3942 388 3994 fr.
410 3943 442 3994 11
464 3943 487 4005 (l
514 3944 586 4008 ilo),
612 3941 807 4008 Aristophanes
833 3944 860 3994 in
885 3943 988 3994 Avibus
1015 3961 1037 3995 v.
1059 3943 1135 4010 1296,
1155 3949 1185 3995 ut
1203 3943 1377 4010 Aegyptium,
1397 3941 1433 3996 cf.

260 4031 377 4084 lioehler
396 4033 486 4083 llcrm.
508 4031 530 4082 V
550 4031 719 4097 (18711352,
742 4031 791 4083 lio.
812 4031 846 4083 ad
865 4033 897 4086 ll,
918 4034 959 4098 ll,
978 4032 1088 4084 Kirchn.
1108 4048 1128 4084 s.
1149 4048 1189 4084 nr.
1209 4031 1286 4085 9249.

366 4119 412 4185 ²⁵⁸)
430 4122 489 4173 lloc
502 4120 645 4172 admodum
659 4121 811 4187 verisimile,
825 4120 858 4173 cf.
873 4121 973 4173 Koerte
986 4122 1037 4173 Rh.
1052 4121 1120 4174 Mus,
1134 4121 1181 4174 LX
1195 4120 1349 4196 (mommo
1360 4138 1435 4189 sqq.;

260 4209 343 4261 Wilh.
372 4209 436 4264 Urk.
464 4227 489 4276 p.
517 4210 568 4261 loo
588 4225 657 4274 sqq.;
683 4209 807 4261 dubitare
835 4209 913 4261 desiit
937 4211 1067 4277 Cappsius
1087 4211 1169 4263 Closs.
1191 4210 1287 4262 Philol.
1308 4209 1320 4260 l
1339 4209 1434 4278 (1906)

260 4298 311 4350 ‘203
331 4296 391 4350 adn.
412 4299 436 4351 1.
1199 4321 1202 4327 ·

368 4386 413 4452 ²¹⁶¹)
432 4412 466 4433 =
485 4388 519 4441 fr,
540 4388 589 4440 221
613 4389 672 4446 (lio.
692 4389 716 4439 Il
736 4389 808 4453 378).
