3136 5024
676 337 711 345 -
749 307 872 361 111-

195 485 310 568 negari
333 486 445 570 potest
468 485 682 571 posteriorem
705 485 796 550 tituli
825 488 953 571 partem
977 483 1119 550 fortasse
1144 505 1211 550 non
1235 484 1371 569 abipso

197 605 297 687 poeta
320 600 502 686 profectam
527 601 673 688 essem)
697 640 741 648 ——
765 601 860 681 Quod
888 601 931 666 ad
963 601 1218 688 explicationem
1248 600 1372 664 attinet
1468 613 1470 619 '
1530 606 1534 612 ’

196 716 289 781 vocis
312 713 472 798 Θάλαττα,
501 737 569 781 non
598 715 724 799 dubit0,
758 718 838 801 quin
868 721 956 782 recte
988 738 1063 782 cum
1090 715 1213 781 Dioclis
1243 714 1370 796 fabula,

197 853 283 918 quae
308 832 355 896 sic
378 830 473 896 audit
497 830 604 918 (Mein.
622 832 654 896 h.
673 853 714 896 cr.
733 832 814 915 231,
837 831 899 898 Ko.
916 833 930 896 Ι
948 834 1022 919 761)
1046 831 1231 896 MeInekius
1254 834 1371 895 contu·
1462 830 1467 842 '

196 946 281 1030 lerit,
306 968 408 1031 quam
424 969 445 1012 a
461 948 630 1012 meretrice
647 968 768 1013 nomen
778 949 831 1035 103)
855 949 1024 1013 invenisse
1049 951 1165 1012 auctor
1181 950 1233 1012 est
1248 946 1370 1011 Athen.

196 1061 217 1127 1.
234 1061 255 1128 1.
282 1062 393 1148 (supra
408 1085 439 1149 p.
455 1064 538 1150 114).
564 1063 635 1142 Quo
651 1063 722 1128 loco
740 1062 828 1148 quod
843 1064 1038 1128 Athenaeus
1055 1062 1177 1128 Dioclis
1201 1059 1372 1127 comoedia

198 1177 303 1243 allata
320 1177 359 1243 de
374 1178 581 1244 Pherecratis
597 1182 698 1261 tacet,
723 1200 791 1244 non
807 1179 972 1244 evincitur
987 1178 1132 1244 Meineki
1148 1178 1371 1243 coniecturam

197 1314 271 1358 esse
288 1292 538 1379 explodendam,
564 1293 651 1380 quod
671 1293 780 1360 voluit
799 1294 946 1359 Haasius
962 1293 1018 1359 1.1.
1035 1294 1117 1376 148,
1142 1315 1220 1358 nam
1236 1293 1371 1357 minime

197 1409 392 1474 Athenaeus
416 1408 482 1498 illio
505 1411 670 1492 iutegrum
694 1409 883 1492 catalogum
911 1409 1085 1475 titulorum
1115 1408 1371 1473 meretriciorum
1439 1463 1441 1466 .
1530 1396 1532 1401 ¹

197 1524 331 1610 profert,
358 1523 392 1588 id
417 1524 504 1609 quod
527 1525 790 1590 luculentissime
821 1547 871 1608 ea,
903 1547 1005 1609 quam
1036 1546 1203 1606 conamur,
1234 1540 1371 1588 enume-
1478 1534 1480 1539 “
1541 1519 1542 1522 ’

197 1641 326 1705 ratione
351 1639 672 1728 demonstratore)
706 1641 769 1709 Hic
791 1662 833 1706 ne
857 1640 1009 1726 exempla
1033 1639 1269 1722 desiderentur,
1294 1660 1371 1704 con-

197 1754 286 1820 feras
310 1776 352 1820 ex
375 1778 498 1838 eorum,
530 1751 620 1841 quos*
637 1757 693 1822 illo
716 1756 787 1822 loco
812 1745 1008 1822 Athenaeus
1039 1754 1166 1833 laudat,
1198 1758 1372 1841 poetarum

198 1892 334 1936 numero
359 1871 480 1937 Eubuli
496 1871 635 1952 Νάννιον,
659 1871 832 1955 Πλαγγόνα,
857 1870 1006 1937 Alexidis
1029 1870 1214 1939 Πολύκλειαν
1232 1872 1389 1951 61111666,

198 2007 293 2070 porro
317 1986 405 2071 quod
429 2009 534 2051 unum
557 1986 717 2066 sufficiat,
749 1988 851 2052 etiam
881 1986 1089 2073 Hipparchus
1120 1985 1271 2051 fabulam
1296 1984 1373 2060 Θαίς

198 2100 390 2188 inscriptam
403 2103 589 2188 composuit
601 2103 643 2167 ab
656 2102 727 2188 ipso
735 2102 910 2167 Athenaeo
924 2101 989 2167 alio
1002 2101 1073 2166 Ioco
1087 2099 1282 2187 (XI484de)
1292 2100 1383 2187 cita·⁸

197 2217 340 2298 tam,hic
349 2219 516 2301 omissam,
527 2216 781 2282 cumMenandri
791 2216 960 2282 comoedia
969 2216 1172 2299 cognominis
1184 2215 1370 2280 afferretur.

304 2333 341 2397 In
365 2332 505 2398 duorum
528 2337 702 2420 poetarum
722 2333 830 2399 titulis
848 2331 935 2417 quod
952 2331 1038 2398 idem
1055 2324 1235 2397 meretricis
1250 2351 1373 2396 nomen

198 2447 327 2531 legitur,
364 2449 435 2513 eius
465 2448 708 2533 quodammodo
731 2448 828 2514 favet
857 2448 1013 2535 opinioni,
1045 2447 1102 2532 qui
1133 2446 1370 2529 mulierculam,

199 2583 285 2647 quae
310 2564 426 2648 quinto
451 2563 583 2630 saeculo
608 2564 749 2630 Athenis
773 2564 847 2647 fuit,
882 2562 1070 2628 comoediae
1094 2583 1214 2628 nornen
1239 2559 1371 2627 dedisse

200 2683 362 2745 autumet.
421 2680 547 2745 Tamen
581 2701 705 2762 vercor,
745 2701 786 2744 ne
822 2679 950 2744 Diocles
985 2678 1127 2744 forsitan
1161 2677 1370 2743 Pherecratis

199 2795 320 2860 mortui
343 2795 494 2860 fabulam
519 2816 616 2860 suam
631 2794 757 2860 factam
774 2793 881 2859 denuo
897 2795 932 2858 in
948 2794 1186 2880 Dionysiacum
1203 2793 1372 2858 theatrum

200 2903 375 2976 demiserit.
423 2911 537 2994 Neque
562 2911 650 2974 enim
674 2908 811 2975 dubium
835 2908 977 2992 videtur,
1003 2909 1083 2993 quin
1099 2908 1187 2974 illius
1203 2907 1373 2974 comoedia

199 3026 359 3111 posterior
383 3026 436 3106 sit,
461 3026 518 3110 qui
542 3024 725 3090 secundum
749 3024 886 3089 Suidam
911 3047 936 3090 s,
954 3046 986 3090 n.
1011 3021 1172 3109 σύγχρονος
1190 3022 1374 3108 Σαννυρίων

198 3137 252 3204 καὶ
275 3141 419 3228 Φιλυλλίῳ
442 3140 543 3205 fuerit
567 3139 618 3227 (cf.
643 3141 741 3206 Mein.
766 3141 798 3205 h.
817 3161 859 3205 cr.
884 3142 963 3222 251,
986 3139 1120 3204 Kirchn.
1146 3162 1172 3205 s.
1196 3160 1244 3204 nr.
1270 3139 1372 3220 3985,
1464 3208 1470 3216 ,

198 3255 317 3321 Kaibel
348 3255 437 3342 apud
466 3256 553 3321 PW
575 3256 606 3321 V
631 3257 715 3343 196).
756 3255 944 3342 Sannyrion
980 3259 1094 3320 autem
1130 3258 1164 3320 et
1198 3253 1373 3340 Philyllius

198 3371 435 3456 posterioribus
451 3373 611 3456 antiquae
629 3370 816 3437 comoediae
834 3371 1038 3457 temporibus
1054 3370 1157 3453 fuere,
1181 3370 1202 3435 i.
1217 3391 1244 3435 e.
1266 3368 1374 3454 quinti

199 3486 324 3552 saeculi
353 3487 424 3570 fini,
459 3488 553 3553 initio
591 3488 713 3573 quarti:
749 3487 976 3574 Sannyrio³⁰⁵)
1011 3486 1110 3572 paulo
1146 3489 1222 3573 post
1252 3507 1282 3551 a.
1307 3487 1373 3551 408

198 3650 412 3658 -———-——-

306 3734 350 3796 ³⁰²²)
371 3736 414 3788 Sic
433 3735 541 3789 Bender
559 3737 628 3788 Dies.
648 3753 673 3801 p.
687 3737 734 3802 44,
762 3734 861 3802 duplex
880 3737 975 3787 titulus
995 3736 1077 3786 semel
1096 3735 1168 3800 apud
1188 3734 1287 3789 Athen.
1307 3734 1374 3785 VIII

198 3824 250 3877 365
270 3840 286 3876 a
309 3849 341 3868 =
362 3823 395 3877 11,
414 3825 448 3878 52
468 3825 526 3892 ΚΟ,
555 3827 637 3877 semel
665 3823 695 3876 ἐν
725 3821 854 3895 Θαλάσσῃ
874 3823 907 3877 fr.
930 3825 965 3877 53
987 3824 1036 3876 Ko.
1066 3824 1123 3887 (ubi
1154 3820 1316 3892 Φερεκύδης
1344 3821 1374 3873 ἐν

202 3910 339 3985 Θαλάσσῃ,
360 3913 430 3980 quod
449 3930 516 3966 corr.
536 3915 638 3979 Mein),
659 3915 800 3981 quinquies
819 3911 850 3964 ἐν
861 3909 1047 3982 Ἐπιλήσμονι
1066 3909 1337 3982 (ν61Ἕπιλν)σμοσι).

306 4001 349 4066 ³⁰³)
368 4002 408 4055 Cf.
422 4002 612 4054 Fick-Bechtel
627 4019 650 4068 p.
665 4003 724 4055 305.
739 4003 805 4069 332,
825 4011 967 4068 praetereo
981 4002 1110 4069 Archipp.
1125 4000 1158 4054 fr.
1173 4001 1206 4053 24
1219 4000 1278 4066 (Kc.
1289 4000 1375 4062 1683)

199 4099 227 4144 et
245 4083 344 4144 Athen.
364 4092 430 4144 XIII
448 4091 525 4144 118611
544 4114 580 4136 =
599 4091 728 4159 Hyperid.
748 4090 847 4143 16121
868 4089 966 4143 Blass.3

306 4179 352 4247 ³⁰⁴)
371 4181 428 4234 Cet.
449 4180 482 4233 cf.
502 4181 552 4233 Kc.
567 4180 606 4231 III
626 4181 690 4246 714,
709 4179 805 4232 Nauck
824 4181 961 4245 Aristoph.
980 4180 1045 4246 Byz.
1066 4197 1091 4246 p.
1112 4179 1163 4232 277
1184 4194 1221 4244 sq.
1241 4176 1303 4229 adn.
1326 4176 1374 4242 11,

199 4269 307 4322 Bcnder
326 4270 394 4323 Dies.
414 4288 440 4338 p.
455 4271 489 4323 51
508 4270 570 4325 adn.
591 4271 615 4322 4.

307 4357 351 4425 ³⁰⁵)
371 4359 411 4412 cf.
432 4359 465 4412 de
485 4375 516 4412 eo
536 4360 616 4412 Mein.
637 4359 663 4410 h.
678 4374 713 4410 cr.
734 4359 800 4424 263,
818 4357 932 4411 Kirchn.
952 4373 971 4411 s.
986 4374 1026 4409 nr.
1048 4357 1147 4422 12554,
1171 4356 1227 4408 eius
1247 4356 1373 4408 memoria

200 4448 229 4500 in
247 4447 381 4514 lapidibus
400 4465 533 4515 nusquam
552 4454 658 4501 servata
678 4454 726 4502 est.
1098 4456 1102 4464 ’
1243 4453 1245 4455 ’
