3136 5024
693 223 868 313 ᾗ38-

72 443 74 446 >
194 398 317 463 Halum
349 399 565 484 oppugnabat
585 392 697 485 '(Dem.
726 400 802 464 XIX
835 400 920 485 163).
968 387 1183 482 Philocrates
1215 398 1249 465 id
1279 399 1371 485 quo'd

194 513 436 578 Demosthenes
460 505 591 598 quidem
615 514 718 580 tradit
742 515 810 601 (1.1.
831 516 915 602 153),
944 515 978 579 in
1001 515 1115 607 primis
1138 515 1229 601 pacis
1253 514 1382 581 condi·

196 628 354 708 sionibus
379 642 463 712 quas
487 616 606 715 populo
622 630 803 715 proposuit,
820 630 936 696 Halios
961 618 995 695 et
1010 620 1136 695 Phoces
1161 653 1182 694 a
1204 613 1370 696 beneficio

194 744 286 830 pacis
310 743 461 809 exclusos
485 744 607 827 voluit,
631 745 772 830 populus
794 730 908 810 autem
924 745 1011 810 hanc
1027 735 1253 831 enoeptionem
1278 740 1371 832 (πλὴν

199 857 321 924 Ἀλέαν
344 856 399 925 καὶ
418 860 561 946 Φωκέων)
579 859 753 925 delendam
770 882 842 926 esse
864 859 1018 926 decrevit.
1054 861 1180 926 Tamen
1196 861 1370 948 Philippus

195 995 270 1039 eam
293 974 467 1056 flagitasse
490 974 623 1041 videtur
639 975 741 1062 (Dem.
760 976 780 1041 l.
797 976 819 1041 1.
839 978 923 1063 114),
941 980 984 1059 31,
1002 975 1090 1061 quod
1113 977 1147 1040 in
1164 975 1309 1062 epistula
1326 977 1371 1041 ad

194 1089 416 1156 Athenienses
433 1091 536 1156 missa
551 1073 720 1176 professus
737 1094 789 1156 est
801 1090 1040 1157 adiuvantibus
1058 1090 1170 1156 alteris
1184 1093 1369 1157 Athenien-

196 1206 282 1270 sium
312 1205 431 1288 legatis
462 1209 630 1281 auctorem
662 1208 909 1292 compositionis
941 1228 977 1272 se
1007 1207 1077 1272 fore
1101 1206 1368 1296 (1133311311),

195 1315 378 1405 numquam
395 1321 548 1404 contigit3
565 1321 671 1387 Halus
685 1327 877 1408 expugnata
893 1326 955 1405 est,
972 1322 1099 1387 incolae
1117 1322 1246 1408 expulsi
1262 1322 1368 1408 (Dem.

194 1436 215 1502 l.
232 1436 253 1501 l.
272 1438 324 1501 39.
343 1437 428 1523 334),
443 1436 597 1523 oppidum
610 1437 792 1502 Pharsaliis
804 1439 1001 1523 permissum
1018 1438 1121 1524 (Dem.
1134 1438 1180 1502 Xl
1197 1441 1231 1520 1,
1256 1437 1367 1503 Strab.

194 1551 276 1638 1.1.).
309 1550 402 1631 Quod
419 1552 552 1636 quando
569 1552 696 1650 factum
714 1554 767 1634 sit,
785 1554 966 1636 nescimus,
991 1552 1149 1618 accidisse
1167 1558 1280 1638 autem
1300 1575 1369 1618 non

195 1666 300 1732 multo
324 1666 514 1752 postillam
545 1688 660 1753 pacem
689 1667 859 1754 probabile
884 1672 944 1749 est,
976 1672 1101 1733 certum
1125 1673 1204 1734 ante
1227 1668 1368 1733 Demos·
1415 1746 1418 1752 Ι

195 1782 306 1847 thenis
330 1784 512 1847 orationem
536 1784 782 1868 παραπρεσβείας
806 1805 835 1849 a.
854 1786 918 1847 343
942 1784 1155 1872 habitam.⁷⁰)

194 1960 197 1963 ,
298 1897 396 1982 Hanc
418 1919 487 1962 rem
511 1898 545 1962 in
569 1921 667 1964 versu
683 1893 928 1965 Mnesimaoheo
945 1899 1168 1982 significatam
1192 1920 1265 1964 esse
1286 1899 1369 1963 mihi

195 2014 359 2098 persuasi,
376 2016 477 2098 atque
494 2015 523 2078 si
538 2036 605 2079 non
622 2020 709 2080 certo
727 2036 826 2097 anno,
840 2018 990 2080 attamen
1006 2013 1075 2079 sere
1091 2014 1195 2079 lustro
1213 2016 1370 2080 345-40

195 2128 346 2194 fabulam
379 2129 486 2195 audeo
515 2130 693 2210 ascribere,
717 2129 798 2195 illud
822 2130 861 2194 de
889 2130 1112 2195 Demosthene
1136 2130 1274 2195 sirecte
1299 2128 1367 2193 dis-

195 2248 351 2329 putatum
367 2248 419 2310 est
435 2244 477 2330 (u.
493 2267 593 2330 supra
607 2267 637 2330 p.
657 2245 720 2331 36),
738 2267 805 2310 non
824 2253 1013 2332 repugnem,
1039 2245 1067 2309 si
1090 2245 1164 2330 quis
1182 2266 1257 2309 cum
1273 2265 1367 2327 mag-

195 2359 247 2424 nis
277 2358 342 2424 illis
371 2360 579 2439 orationibus
606 2359 840 2441 Demosthenis
872 2360 922 2446 (de
953 2361 1052 2425 rebus
1084 2360 1302 2425 Chersonnesi
1334 2365 1369 2425 et

195 2474 296 2539 tertia
318 2474 522 2562 Philippica),
554 2475 675 2560 quibus
706 2497 793 2540 anno
819 2477 880 2539 341
916 2475 1084 2561 (Schaefer
1107 2475 1266 2540 Dem.112
1289 2477 1366 2560 461)

195 2589 417 2656 Athenienses
449 2590 493 2655 ad
521 2590 646 2657 bellum
676 2591 850 2678 incitabat,
881 2591 1033 2656 fabulam
1064 2590 1153 2656 dicat
1183 2590 1367 2656 cohaerere.

196 2705 281 2769 Tum
304 2705 525 2771 Athenienses
549 2705 697 2771 nondum
720 2699 765 2771 rei
789 2706 936 2788 Helicae,
968 2727 1069 2790 quam
1098 2706 1242 2771 fortasse
1265 2709 1366 2791 poeta

194 2807 462 2907 nomine'oppidi
485 2820 598 2887 addito
623 2822 770 2908 apertius
794 2821 1007 2904 significavit,
1032 2821 1127 2886 obliti
1150 2823 1255 2886 erant.

536 3040 738 3110 Heniochi
768 3042 1026 3119 Πολύευκτος.

302 3194 376 3259 Non
401 3193 544 3258 multum
567 3215 588 3258 a
611 3193 747 3259 fabulae
770 3192 867 3259 modo
896 3198 1062 3259 tractatae
1088 3193 1217 3258 ratione
1241 3193 1367 3259 afuisse

196 3309 343 3395 suspicor
367 3308 584 3394 Polyeuctum
613 3309 775 3374 Heniochi
800 3308 908 3394 (Mein.
926 3308 958 3374 h.
977 3331 1019 3374 or.
1036 3310 1117 3391 422,
1148 3308 1209 3374 Ko.
1226 3309 1255 3373 ll
1277 3310 1366 3395 432),

196 3424 223 3489 si
246 3426 333 3488 recte
356 3423 540 3489 Meinekius
557 3424 692 3489 titulum
705 3445 726 3488 a
738 3423 917 3509 Polyeucto
934 3423 1142 3510 Sphetti0,⁷¹)
1169 3427 1298 3517 oratore
1310 3423 1368 3489 illo

195 3539 326 3622 insigni,
362 3537 580 3605 Macedonum
615 3539 815 3620 adversarie,
848 3539 1012 3624 repetivit.
1068 3538 1162 3618 Quod
1191 3560 1248 3624 pro
1277 3543 1368 3605 certo

196 3676 292 3719 nemo
316 3658 428 3740 potest
451 3654 629 3720 affirmare.
678 3656 824 3719 Primum
848 3655 936 3719 enim
959 3676 1080 3719 nomen
1104 3654 1367 3719 Atheniensibus

195 3770 358 3834 usitatum
390 3771 520 3857 333171)
552 3769 669 3835 deinde
705 3771 807 3834 alium
838 3770 992 3834 novimus
1029 3768 1177 3834 eiusdem
1209 3770 1368 3854 temporis

195 3886 363 3951 hominem
387 3907 454 3951 non
477 3885 654 3969 ignobilem
679 3884 793 3951 eodem
821 3876 953 3949 nomine
982 3889 1145 3962 ornatum,
1171 3883 1368 3969 Κυδαντίδην

302 4080 335 4147 ⁷⁰)
355 4082 394 4134 De
414 4082 539 4132 universa
563 4080 613 4131 hac
637 4095 666 4131 re
686 4079 721 4132 31.
740 4077 867 4130 Schaefor
885 4080 962 4131 Dem.
987 4077 1104 4133 112196.
1132 4079 1191 4133 223.
1219 4079 1279 4134 228.
1306 4080 1367 4133 231.

195 4171 246 4224 237
264 4187 302 4242 sq.
323 4171 373 4223 261
394 4186 449 4236 sqq.

301 4256 334 4324 ⁷¹)
355 4259 395 4311 Cf.
415 4258 524 4310 Klrchn.
544 4274 564 4309 s.
584 4274 609 4309 11.
630 4257 718 4310 119511
737 4264 764 4308 et
782 4272 801 4308 s.
817 4255 951 4324 Ἡνίοχος
970 4257 1048 4309 6429.

301 4345 335 4413 Π)
354 4348 388 4400 38
408 4348 545 4414 Polyeucti
568 4345 639 4411 apud
657 4345 767 4397 Kirchn.
788 4346 813 4396 11
827 4346 878 4397 ⁶210
889 4361 944 4412 sqq.
965 4346 1025 4398 480.
