3136 5024
643 329 679 336 -
715 299 755 352 cr
788 266 826 338 ς

147 473 335 560 Μισούμενος
359 473 429 560 (Κο.
447 450 547 539 11197
565 448 844 560 8114))11111131145
861 475 928 557 egit
943 477 1064 560 partes.
1081 474 1129 560 152)
1163 473 1320 541 Conferas
1388 495 1391 500 ·

147 590 234 656 Plut.
257 589 333 655 Non
362 612 393 676 p.
419 612 515 657 suav.
538 613 570 656 v.
597 578 774 676 sesopia
801 591 842 655 13
873 589 932 676 t:
949 590 1028 655 Mor.
1050 612 1080 675 p.
1107 591 1255 678 109511)
1286 594 1320 656 et

147 704 289 792 Alciphr.
306 705 336 770 Π
361 707 412 772 13.
425 702 481 793 153)’
515 704 620 770 Simili
644 706 776 771 nomine
793 709 931 771 ornatus
947 705 1084 771 incessit
1099 705 1319 772 Menandreus

147 821 328 907 Thrasyleo
341 821 375 885 in
386 820 505 886 fabula
521 822 707 904 cognomini
718 821 779 886 Ko.
797 821 905 887 11169.
921 822 969 909 154)
997 821 1067 885 lam
1088 822 1320 908 Theopompus

150 934 411 1022 „Erpocrociorr“
431 937 501 1002 suis
517 937 906 1023 uxoremThrasymachi
921 958 1074 1023 praeesse
1096 937 1204 1003 voluit
1219 937 1258 1004 fr.
1277 938 1319 1003 56

147 1051 248 1137 (ΚΟ.)
273 1054 357 1140 748).
372 1053 421 1140 ¹⁶⁵)
469 1052 559 1133 Quae
585 1074 659 1117 cum
682 1052 731 1117 ita
755 1053 832 1134 sint,
857 1053 959 1118 etiam
983 1053 1187 1118 Thrasonem
1206 1053 1319 1118 Alexi-

147 1166 245 1232 deum
268 1167 411 1234 fortasse
435 1165 539 1233 unum
562 1167 667 1234 fuisse
691 1190 709 1234 e
733 1189 828 1251 grege
859 1167 914 1235 illo
939 1167 1153 1250 gloriosorum
1177 1168 1319 1235 militum

145 1293 324 1369 permagno
347 1283 444 1349 facile
469 1283 637 1349 concedes.

217 1419 219 1427 ’
254 1399 405 1465 Ceterum
428 1399 495 1465 fuit
517 1400 616 1464 huius
640 1399 783 1466 nominis
807 1399 974 1484 huiusque
998 1400 1122 1466 saeculi
1145 1400 1196 1465 vir
1215 1401 1319 1467 Athe-

145 1515 272 1580 niensis
287 1525 354 1580 non
370 1515 534 1598 ignobilis,
551 1515 677 1581 Thraso
694 1514 881 1581 Erchiensis
899 1515 969 1602 (Ko.
982 1516 1003 1582 l.
1017 1514 1055 1598 l.;
1079 1516 1212 1581 Kirohn.
1231 1495 1317 1582 sssnr.

148 1631 255 1726 7384),
280 1631 336 1715 qui
356 1633 564 1717 'quamquam
587 1630 686 1717 paulo
711 1635 791 1697 ante
815 1630 987 1697 Alexidem
1010 1631 1163 1697 floruisse
1187 1630 1320 1697 videtur

146 1785 189 1793 —-
212 1747 375 1832 particeps
399 1752 472 1813 erat
488 1745 650 1812 Cadmeae
667 1768 688 1812 a
704 1745 975 1813 Lacedaemoniis
991 1747 1182 1814 liberandae
1199 1747 1317 1813 Aesch.

144 1862 190 1926 III
214 1863 292 1945 1383
315 1862 420 1928 Dinl
444 1864 486 1928 38
509 1867 690 1928 -tamon
713 1866 831 1948 postea
855 1883 985 1948 quoque
1009 1863 1149 1949 publicis
1173 1863 1318 1928 muneri-

144 1977 369 2044 bus'funetus
394 1981 454 2059 est,
480 1978 618 2044 sirecte
642 1976 694 2043 IG
717 1978 745 2042 ll
760 1976 844 2042 Add.
863 1980 904 2043 66
928 1979 949 2044 b
974 1978 1145 2064 suppletur
1169 1975 1319 2066 [dpluiuoo

146 2091 310 2192 [Έρ)χιεύς
332 2089 527 2180 (πρεσβευτὴς
542 2087 691 2180 ᾑρημένος
708 2094 781 2179 πρὸς
796 2072 975 2178 Κετρίποριν
984 2092 1036 2159 τὸν
1053 2091 1165 2183 Θρᾷκα
1183 2116 1212 2159 a.
1228 2095 1316 2178 356).

251 2209 377 2274 Tamen
400 2209 511 2295 potius
534 2210 674 2295 priorem
696 2208 788 2274 illam
812 2208 1065 2295 explicationem
1090 2209 1260 2296 accipiam.
1330 2289 1332 2292 ᾖ

253 2430 400 2497 Alexidis
424 2430 598 2519 Lyciscum
623 2454 697 2497 cum
721 2454 742 2498 a
765 2431 897 2519 Lycone
922 2432 1122 2518 Antiphanis
1147 2432 1318 2514 seiungere

144 2546 319 2631 nollemus,
344 2547 471 2613 iactum
495 2551 556 2628 est,
580 2551 620 2613 ut
642 2547 731 2613 illius
755 2547 891 2613 fabulae
915 2548 980 2612 huc
1002 2549 1206 2634 pertinentes
1239 2552 1319 2612 anto

145 2661 268 2728 Eubuli
282 2665 401 2749 poetae
420 2667 504 2728 natu
528 2663 661 2728 maioris
685 2668 894 2749 ponerentur.
942 2663 1049 2743 Quare
1074 2663 1117 2728 ad
1140 2663 1229 2728 hunc
1252 2664 1319 2728 iam

145 2781 351 2844 revertamur
373 2799 508 2844 necesse
532 2781 593 2844 cst.

534 2998 679 3067 Eubuli
709 2995 927 3087 Πάμφιλος.

252 3150 399 3215 Primum
423 3149 624 3216 disseramus
649 3150 688 3216 de
713 3152 784 3216 eius
807 3150 980 3236 Pamphilo
1004 3149 1112 3236 (Mein.
1130 3150 1162 3215 h.
1180 3171 1221 3215 cr.
1237 3152 1317 3233 3653

146 3265 206 3330 Ko.
224 3265 420 3353 11192sq.).
467 3266 537 3331 Hoc
560 3267 703 3348 nomine,
721 3265 809 3350 quod
826 3267 1086 3331 Atheniensibus
1110 3266 1144 3329 in
1160 3266 1233 3331 vita
1249 3264 1317 3331 usi-

146 3380 351 3447 tatissimum
375 3384 456 3464 erat,
470 3382 519 3470 156)
543 3382 683 3468 praediti
706 3382 911 3468 temporibus
935 3381 1056 3446 Eubuli
1086 3380 1237 3446 nonnulli
1264 3381 1317 3445 iu-

250 3628 298 3696 m)
316 3630 348 3683 In
367 3629 401 3682 ir.
421 3631 473 3682 344
493 3630 583 3695 (huius
602 3630 765 3694 comoediae)
786 3626 902 3699 Θράσων
921 3629 992 3696 quod
1012 3631 1116 3696 legitur,
1136 3629 1242 3682 videtur
1262 3645 1318 3682 cor-

145 3709 266 3786 mptioni
284 3717 376 3771 deberi
397 3725 476 3785 atque
499 3716 682 3787 Θρασωνίδης
701 3719 793 3771 latere.

254 3805 299 3875 1θ’)
318 3807 358 3861 of.
379 3806 487 3874 Sondag
510 3807 579 3860 Diss.
600 3825 624 3874 p.
639 3808 671 3860 21
687 3824 724 3874 sq.
744 3838 778 3846 -—
797 3808 829 3859 ln
855 3809 913 3862 vita
937 3807 1149 3860 Atheniensibus
1176 3808 1263 3859 rarius
1289 3809 1316 3859 in

146 3913 197 3950 usu
214 3895 297 3950 fuisse
316 3895 424 3949 videtur
437 3894 636 3949 ‘Thrasonides
656 3903 784 3963 quattuor
803 3896 875 3962 apud
894 3896 1004 3948 Kirohn.
1025 3896 1116 3963 [4853
1136 3894 1317 3949 Thrasonides

146 3986 301 4039 Corinthius
321 3993 361 4038 est
381 3984 452 4053 apud
473 3987 532 4037 Ael.
552 3985 583 4037 V.
598 3987 623 4037 h.
639 3986 680 4052 14,
694 3985 736 4040 24.

155 4103 158 4107 .
254 4073 297 4142 154)
318 4074 370 4127 Tit.
385 4073 533 4141 Thrasyleo
543 4074 616 4126 infra
626 4072 815 4127 memorandus
826 4080 872 4126 est.
885 4073 926 4127 ef.
946 4075 1005 4126 Ael.
1017 4090 1058 4141 cp.
1071 4085 1135 4127 rust.
1146 4075 1175 4141 93
1194 4074 1265 4126 Plut.
1275 4076 1291 4126 l.
1301 4077 1316 4126 l.

254 4162 298 4229 155)
317 4163 358 4216 Cf.
379 4163 484 4229 Steiger
502 4163 571 4216 Dies.
592 4164 656 4229 p.·4.
671 4162 830 4215 -Temere
850 4164 963 4215 coniecit
982 4163 1059 4215 Muhl
1078 4164 1169 4228 Progr.
1190 4161 1235 4229 (cf.
1255 4162 1316 4218 adn.

145 4252 191 4316 21)
211 4269 234 4319 p.
256 4254 308 4307 115
327 4268 365 4319 sq.
389 4250 546 4322 Θρασύλλου
566 4249 593 4302 d’
610 4250 680 4321 ὑμῖν
698 4250 717 4322 ἦ
734 4249 813 4320 γυνή.
834 4283 868 4290 -
887 4251 999 4304 Philem.
1023 4251 1057 4306 ir.
1075 4253 1110 4305 ‘20
1129 4251 1190 4318 (Κο.
1209 4253 1235 4304 ΙΙ
1253 4253 1317 4317 483)

144 4341 264 4394 Kockius
283 4357 380 4394 nomen
400 4341 533 4393 Thraseae
553 4342 638 4393 inesse
658 4341 795 4407 opinatur,
814 4341 886 4406 quod
906 4341 972 4392 mihi
993 4340 1104 4392 dubium
1122 4341 1237 4394 videtur.

253 4428 300 4495 ¹⁵⁸),
315 4430 498 4497 Quadraginta
517 4430 651 4497 Pamphili
671 4430 743 4497 apud
763 4430 872 4482 Kirohn.
888 4431 913 4481 ll
934 4430 985 4483 176
998 4445 1053 4496 sqq.
1073 4430 1134 4483 479.
