3136 5024
690 279 886 331 -121-

196 477 329 521 amasse
352 457 544 543 perhibetur
567 455 650 542 (ead.
673 432 719 523 or.
743 455 764 544 ξ
785 458 826 522 21
844 479 909 544 sq.;
934 456 977 523 cl.
999 458 1121 523 Athen.
1143 457 1219 523 Xlll
1243 458 1372 524 serbe.
1472 534 1478 540 .

197 572 262 636 593
285 571 320 658 t).
358 570 504 654 Accedit,
530 571 618 656 quod
641 574 753 637 Antea
785 573 942 639 meretrix
971 594 1041 638 una
1072 594 1146 639 cum
1170 572 1312 656 Lagisca
1340 574 1374 639 in
1444 615 1447 619 -

197 685 418 752 comoedia
434 688 589 752 occurrit:
609 688 645 752 in
661 687 908 753 Anaxandridis
925 686 1206 754 Gerontomaniae
1222 689 1374 754 versibus

197 802 287 867 hisce
313 801 362 888 (fr.
388 804 419 885 9,
443 802 504 868 Kc.
529 802 558 867 H
584 803 674 890 138)ι

303 913 361 1002 τὴν
383 918 418 982 ἐκ
441 917 591 1003 Κορίνῖἳον
616 914 701 983 Λαίδ’
729 911 837 996 claim
862 957 905 965 -
929 915 995 994 πῶς
1017 913 1076 1004 γὰρ
1100 913 1146 1002 ot,

303 1028 361 1118 τὴν
383 1027 557 1118 ἡμετέρειόν
580 1032 655 1117 <γ’>.
680 1072 724 1080 -
747 1025 785 1117 ἦν
809 1033 909 1120 ἐκείνη
930 1056 978 1110 τις
1001 1033 1074 1120 φίλη

295 1143 474 1214 Ἄντεια.
499 1189 542 1196 -
565 1147 620 1214 καί
643 1146 730 1214 τοῦἰν’
757 1142 904 1234 ἡμέτερον
927 1139 965 1234 ἧν
987 1149 1135 1234 παίγνιον.

303 1303 347 1310 -
370 1258 406 1348 νὴ
430 1263 482 1329 τὸν
507 1263 568 1344 Δί’,
592 1259 683 1348 {iata
704 1261 777 1330 τότε
800 1261 973 1348 Λαγίσκ’,
996 1260 1088 1349 iiiia
1110 1264 1245 1352 adrem)

257 1373 356 1444 5)ιαί
380 1376 515 1464 Θεολύτη
540 1376 607 1464 μάλ’
635 1377 829 1464 εὐπρόσωπος
850 1377 905 1444 καὶ
927 1379 1020 1464 καλή,

302 1488 437 1580 ὑπέφαιν’
465 1495 593 1579 ἐσομένη
617 1492 638 1559 δ’
657 1490 794 1579 Ὤκιμον
816 1494 944 1580 λαμπρὰ
968 1493 1055 1561 πάνυ.

197 1607 319 1674 Omnes
352 1608 574 1690 mulierculae,
600 1630 740 1694 quarum
771 1609 825 1674 hio
854 1608 994 1692 legimus
1025 1610 1170 1692 nomina,
1196 1609 1375 1675 admodum

196 1724 343 1808 insignes
367 1727 463 1789 erant
486 1725 648 1809 nobisque
673 1724 806 1790 aliunde
823 1729 904 1790 sunt
919 1728 1037 1790 notae:
1063 1724 1103 1790 de
1119 1724 1221 1790 Laide
1238 1748 1270 1791 v.
1288 1725 1376 1791 infra

198 1863 229 1926 p.
250 1842 415 1925 141sqq.;
440 1840 637 1926 Theolytam
654 1841 756 1905 etiam
773 1839 862 1926 apud
877 1840 1102 1906 Philetaerum
1125 1838 1275 1906 invenies
1299 1840 1337 1905 fr.
1355 1842 1375 1904 9
1398 1859 1400 1863 ·

199 1956 269 2042 (Kc.
294 1956 323 2020 Π
347 1956 423 2042 232)
434 1955 502 2043 ²³²⁴),
534 1955 683 2021 Ocirnum
707 1956 917 2021 Nicostratus
941 1957 1094 2021 nominat
1116 1955 1156 2022 fr.
1181 1959 1223 2021 21
1249 1956 1321 2043 (Kc.
1347 1956 1375 2019 ll

198 2195 278 2248 schol.
306 2197 389 2248 Arist.
410 2195 477 2248 Rau.
498 2197 549 2249 146
570 2204 595 2247 et
615 2195 688 2248 Suid.
715 2212 734 2248 s.
757 2213 780 2248 v.
800 2195 873 2264 σκῶρ
896 2194 1036 2248 discimus:
1066 2194 1302 2266 πολλῷ-ὕστερον
1322 2195 1376 2246 τῶν

146 2305 149 2309 ·
198 2282 350 2353 Βατράχων
370 2283 570 2356 ιλιιλίλακταιή
595 2282 746 2354 Ἀταλάντη
774 2282 946 2355 Στράττιδος,
974 2292 1054 2351 atque
1083 2283 1155 2336 idem
1178 2284 1235 2336 fere
1263 2301 1296 2336 ex
1322 2284 1376 2338 Iso-

199 2374 278 2425 cratis
297 2375 478 2440 Lagiscaeque
498 2375 750 2427 commemoratione
769 2373 985 2427 concludendum
1005 2384 1071 2426 erat.
1110 2373 1163 2426 Sed
1182 2375 1208 2425 iu
1228 2375 1315 2426 altero
1329 2375 1375 2425 illo
1431 2363 1432 2367 ¹

198 2461 231 2512 fr.
247 2463 285 2528 (6)
304 2462 450 2530 Dionysius
469 2469 562 2516 tonsor
580 2464 745 2530 nominatur,
767 2478 846 2529 quem
866 2464 919 2515 iam
938 2478 954 2515 a
974 2463 1083 2515 Cratino
1110 2462 1227 2515 ludibrio
1252 2461 1375 2514 habiturn

108 2582 112 2587 ·
199 2553 234 2615 (v.
256 2551 356 2604 Cratin.
376 2550 414 2603 ir.¹
431 2551 491 2619 208,
516 2551 564 2603 Kc.
585 2552 598 2603 Ι
618 2553 663 2617 76)
687 2552 753 2603 mihi
779 2567 948 2618 nequaquam
973 2550 1100 2604 credibile
1129 2550 1236 2604 videtur
1262 2551 1375 2603 eundem

199 2637 287 2692 denuo
306 2641 384 2694 initio
404 2642 503 2693 saeculi
523 2640 561 2692 lV
580 2656 637 2693 esse
664 2642 779 2693 illusum.
816 2641 845 2692 ln
872 2640 1023 2708 fragmento
1043 2642 1059 2695 λ
1080 2640 1213 2707 Opuntius
1238 2639 1375 2708 irridetur,

155 2773 158 2777 .
199 2743 277 2793 quem
296 2728 493 2796 Aristophanes
513 2732 539 2781 in
554 2732 603 2781 Av.
618 2747 641 2781 v.
657 2730 716 2782 153.
737 2730 805 2781 1294
820 2737 846 2781 et
862 2732 916 2781 iam
929 2730 1042 2796 Eupolis
1056 2731 1084 2781 in
1102 2728 1263 2799 Ταξιάρχοις
1280 2730 1374 2795 (schol.

199 2820 245 2869 Ar.
265 2819 314 2870 Av.
336 2818 405 2871 1294
428 2843 461 2862 =
481 2818 514 2870 ir.
540 2818 599 2884 260,
626 2818 676 2870 Ko.
698 2818 794 2885 1329,
823 2834 882 2870 ca.
902 2819 963 2879 427,
993 2817 1026 2870 ci.
1047 2818 1198 2870 Wilamow.
1231 2817 1292 2870 Obs¹
1315 2819 1373 2870 crit.

199 2923 224 2972 p.
238 2907 272 2959 32
286 2923 356 2974 sqq.;
375 2907 450 2959 Zelle
469 2907 539 2959 Diss.
560 2906 593 2975 [v.
608 2906 671 2959 adu.
686 2908 730 2974 28]
745 2925 770 2974 p.
786 2907 818 2958 12
832 2909 900 2973 sqq.)
915 2922 1053 2975 carpsere,
1072 2923 1151 2973 quem
1165 2908 1262 2959 iterum
1278 2913 1375 2972 quarto

199 2997 305 3048 saeculo
323 2995 401 3048 illudi
420 3012 497 3062 nego.
513 2996 615 3047 —Nec
634 2995 667 3050 fr.
686 2996 766 3049 sno.
786 3004 864 3048 extra
883 2995 1079 3048 dubitationem
1095 2997 1160 3047 mihi
1180 2995 1287 3047 videtur
1306 2997 1375 3072 posi-

99 3119 102 3130 .
198 3093 255 3135 tum
275 3100 343 3136 esse:
364 3084 493 3137 traditum
507 3091 547 3137 est
560 3087 588 3136 iu
602 3084 684 3137 schol.
698 3086 779 3138 Arist.
793 3086 853 3137 Pac.
869 3086 933 3139 347:
953 3084 967 3136 ὁ
982 3084 1016 3135 de'
1029 3082 1156 3152 ιλιύτερος
1167 3088 1211 3152 (sc.
1228 3084 1374 3152 Φορμίων)

1362 3153 1365 3161 ι

198 3169 234 3241 ἦν
252 3171 341 3240 κωφός
360 3190 364 3199 ·
385 3177 527 3244 μέμνηται
548 3173 593 3224 καὶ
619 3170 757 3242 Στράττις,
787 3179 875 3242 τρίτος
902 3171 1008 3243 μοιχός.
1047 3177 1182 3242 Κρατῖνος
1211 3169 1374 3243 Ἀταλάντη.

192 3245 322 3330 Ιτέταρτος
332 3263 521 3332 Κροτωνιάτης
530 3260 643 3333 ἀρχαῖος
657 3281 662 3290 ·
677 3267 811 3332 Κρατῖνος
824 3265 977 3333 Τροφωνίῳ,
990 3262 1036 3314 ubi
1046 3261 1204 3314 Dindorfius
1216 3258 1373 3331 Ἀταλάντη

200 3359 260 3418 post
279 3350 395 3419 Σράιτις
413 3353 578 3417 transposuit
599 3354 707 3404 titulum
726 3352 835 3405 tabulae
855 3352 959 3404 Cratini
978 3351 1108 3404 excidisse
1128 3359 1202 3403 ratus
1226 3349 1271 3418 (cf.
1291 3351 1374 3402 Mein.

199 3441 225 3491 h.
239 3456 274 3492 cr.
295 3441 342 3508 57;
362 3443 517 3493 coniectura
535 3458 622 3508 nuper
640 3442 752 3508 probata
772 3448 813 3493 est
831 3443 864 3494 ab
884 3442 983 3494 Haasio
1003 3442 1019 3493 l.
1035 3442 1051 3492 l.
1071 3441 1155 3508 112),
1181 3439 1227 3492 scd
1247 3441 1374 3506 quoniam

200 3528 308 3581 Strattis
328 3545 381 3581 nou
402 3531 473 3582 solus
493 3530 658 3583 comoediam
677 3529 830 3600 Ἀταλάντη
851 3532 1009 3596 inscriptam
1029 3531 1186 3596 composuit,
1214 3545 1266 3581 non
1287 3530 1374 3581 minus

199 3625 271 3670 recte
289 3619 398 3669 titulum
418 3620 507 3671 nescio
527 3636 606 3685 quem
630 3627 691 3686 post
717 3616 851 3686 Στράιτις
877 3618 1006 3671 excidisse
1036 3619 1152 3670 conicias
1180 3620 1327 3683 vitiumque
1348 3619 1373 3669 iu

200 3707 289 3772 priore
303 3708 349 3759 illo
362 3711 497 3776 Κρατῖνος
510 3709 625 3775 positum
639 3725 705 3778 esse,
725 3717 813 3761 ortum
827 3725 841 3760 e
854 3709 1015 3775 posteriore,
1036 3714 1116 3773 atquc
1130 3707 1244 3759 fortasse
1258 3708 1375 3762 Καλλίας

198 3793 350 3866 Ἀταλάντῃ
371 3796 541 3849 scribendum
561 3800 620 3850 coll.
642 3800 687 3850 illo
708 3814 786 3850 versu
804 3799 856 3849 hac
875 3813 889 3848 e
909 3797 1046 3849 comoedia
1066 3798 1122 3848 solo
1143 3796 1255 3849 tradito:
1280 3795 1374 3863 κέρδος

200 3882 336 3955 αἰσχύνης
356 3882 471 3956 ἄμεινον
491 3903 495 3912 ·
517 3886 587 3938 ἕλκε
608 3886 730 3956 μοιχὸν
749 3883 782 3942 ἒς
802 3883 911 3955 μυχόν
936 3892 980 3951 (z
999 3885 1033 3938 fr.
1061 3886 1085 3945 1,
1112 3886 1160 3938 llo.
1185 3885 1197 3936 l
1219 3886 1295 3946 693):
1329 3886 1373 3950 qui

200 3989 362 4041 quamquam
390 3983 420 4029 ut
448 3977 620 4043 proverbium
649 3975 772 4042 affertur,
800 3984 890 4027 tamen
920 3975 1035 4027 tortasse
1055 3974 1170 4026 devere
1195 3974 1305 4025 moecho
1330 3973 1374 4024 hic

200 4078 285 4114 sermo
306 4073 354 4117 est.
373 4096 408 4104 -
426 4065 503 4117 Muhl
522 4065 615 4130 Progr.
635 4068 670 4131 (v,
691 4063 753 4116 adn.
775 4065 820 4131 21)
846 4082 872 4131 p.
894 4065 927 4116 13
947 4064 1058 4116 Cratino
1084 4064 1136 4130 ipsi
1161 4063 1294 4114 ascribere
1316 4064 1373 4113 vult

200 4154 356 4205 Atalantam
371 4162 397 4205 ct
410 4154 561 4221 fragmenta
574 4155 629 4220 illa,
643 4169 710 4218 quae
725 4153 738 4204 ὁ
755 4154 800 4210 τὰς
811 4151 978 4209 Ἀταλάντας
992 4155 1106 4208 συνθείς
1119 4153 1255 4217 scripsisse
1267 4150 1372 4203 dicitur.

308 4240 353 4309 323)
373 4243 453 4295 Tra-d.
474 4245 589 4312 λαγίσκη
611 4260 615 4268 ·
636 4239 672 4312 ἦν
693 4242 725 4293 de
745 4241 818 4295 zo‘rc:
838 4259 904 4294 corr.
924 4242 1002 4294 Kaib.

308 4330 352 4397 821)
372 4332 423 4384 llla
454 4334 558 4399 mulier,
594 4347 673 4398 quam
704 4333 776 4400 γραῦ
810 4330 932 4400 Θεολύτη
969 4332 1088 4398 appellat
1124 4344 1266 4381 conservus
1301 4327 1373 4395 apud

201 4420 366 4489 Theopomp.
386 4422 419 4473 ir.
434 4423 476 4490 32,
490 4424 506 4474 5
526 4422 584 4487 (Kc.
600 4422 697 4488 1741),
718 4420 811 4473 eadem
831 4423 865 4473 sit
884 4422 986 4473 nescio:
1006 4421 1066 4474 νέος
1078 4417 1224 4490 §cindados
1236 4418 1282 4469 ille
1301 4422 1337 4486 (v.
1349 4420 1374 4480 λ)
