3136 5024
694 239 871 293 „17-

177 412 181 420 ⁴
196 417 327 480 criticae
344 416 378 479 in
395 415 569 480 historiam
584 415 707 480 veteris
725 413 923 480 Graecorum
943 415 1131 482 comoediae
1144 417 1259 502 (Berol.
1276 419 1374 510 1883)

197 533 280 596 satis
305 531 386 595 mihi
409 529 541 595 videtur
564 528 811 596 demonstrasse
835 552 876 595 ea
899 534 1022 613 aetate,
1047 553 1115 616 qua
1133 532 1249 598 floruit
1271 540 1371 600 vetus

197 645 376 727 comoedia,
400 644 485 710 tales
509 645 598 727 leges
622 645 755 711 omnino
780 667 847 711 non
871 647 1054 729 exstitisse;
1083 645 1200 712 deinde
1225 647 1372 714 Haasius

196 761 287 844 illud,
313 761 400 846 quod
424 782 525 846 supra
541 761 709 846 exscripsi,
735 762 762 826 si
778 783 975 847 persuasum
997 762 1060 827 sibi
1076 763 1234 846 habebat,
1261 766 1373 829 conari

197 880 317 944 saltem
341 877 465 957 debuit,
491 877 520 941 si
548 875 631 941 alios
662 877 761 940 huius
786 857 914 959 generis
938 877 1055 943 titulos
1085 878 1181 943 velut
1202 879 1372 965 Amipsiae

198 996 357 1075 Gonnum,
375 992 524 1058 Platonis
541 987 738 1056 Pisandrum
759 996 793 1056 et
809 991 1045 1078 Cleophontem
1062 998 1264 1079 ceterosque,
1290 1016 1374 1079 quos

196 1110 284 1174 infra
312 1108 591 1189 enumerabimus,
622 1110 682 1172 aut
705 1106 868 1192 explicare
900 1112 1015 1193 posset
1045 1112 1106 1173 aut
1136 1107 1259 1192 delere;
1291 1132 1375 1194 quos

197 1231 310 1290 tamen
334 1223 424 1288 nullo
448 1222 550 1288 verbo
575 1221 688 1287 addito
712 1223 747 1287 in
772 1244 852 1288 suas
875 1223 998 1308 recepit
1021 1223 1195 1289 titulorum
1218 1224 1372 1290 tabellas.

198 1340 282 1419 Quid
305 1338 348 1404 ad
371 1339 443 1420 hoc,
469 1337 557 1422 quod
581 1338 719 1423 probare
744 1337 875 1403 studuit
890 1337 1048 1422 HaasiuS,
1073 1338 1281 1424 probandum
1297 1356 1373 1427 pross

197 1457 328 1520 ficimus
352 1453 457 1529 allata
480 1452 649 1538 Eupolidis
673 1453 855 1518 Maricante
880 1453 943 1540 (est
967 1475 1147 1536 cognomen
1169 1455 1373 1543 Hyperboli),

198 1593 272 1636 cum
296 1569 487 1634 Platonicus
512 1568 631 1634 titulus
649 1562 838 1652 Ὑπέρβολος
861 1570 983 1655 optime
1016 1570 1112 1635 nobis
1136 1569 1280 1636 traditus
1304 1571 1374 1637 sit?

197 1724 240 1732 —
265 1686 354 1750 ldem
379 1689 495 1749 auctor
519 1683 606 1768 quod
622 1686 729 1769 pergit
755 1659 876 1765 „Immo
893 1707 935 1749 ne
951 1685 986 1750 in
1002 1685 1126 1751 fabulis
1142 1687 1222 1772 ipsis
1240 1685 1373 1771 quidem

198 1802 358 1881 homines,
383 1800 439 1883 qui
463 1799 636 1884 primarias
659 1805 772 1883 partes
800 1799 982 1881 habebant,
1014 1801 1151 1887 propriis
1181 1802 1373 1866 nominibus

197 1917 382 2003 appellatos
406 1937 479 1980 esse
503 1915 694 1979 testimonio
720 1918 771 1978 est
791 1914 949 1998 Equitum
974 1916 1213 2000 Aristophanes
1243 1916 1371 2000 fabula,

198 2035 231 2096 in
267 2054 334 2116 qua
366 2031 465 2096 Cleon
496 2029 628 2095 nomine
657 2027 846 2114 Παφλαγών,
877 2029 989 2095 Nicias
1020 2035 1053 2095 et
1083 2031 1324 2096 Demosthenes
1334 2033 1371 2118 24)

198 2147 387 2212 nominibus
412 2147 589 2231 ΟἰκέτηςΑ
614 2151 648 2211 et
671 2145 697 2208 B
720 2144 874 2210 inductos
897 2166 970 2210 esse
995 2167 1016 2210 a
1038 2167 1254 2231 personarum
1279 2149 1371 2212 cata-

197 2263 271 2346 logo
296 2261 476 2344 colligitur“
512 2282 593 2326 sane
617 2261 736 2324 mirum
767 2259 856 2342 fecit,
887 2260 1153 2346 quandoquidem
1185 2264 1219 2326 in
1243 2263 1372 2328 Aristo-

197 2379 317 2465 phanis
340 2377 494 2459 Nubibus
518 2375 688 2441 Socratem
711 2397 768 2461 per
791 2379 899 2442 totam
923 2376 1126 2442 comoediam
1150 2399 1210 2442 suo
1240 2379 1373 2443 nomine
1461 2384 1463 2388 '

198 2495 325 2579 proprio
349 2492 521 2556 inductum
546 2512 619 2556 esse
643 2492 768 2556 nescire
789 2513 856 2556 non
880 2492 998 2577 potuit.
1016 2531 1059 2539 —
1080 2492 1179 2558 Porro
1204 2514 1245 2557 ex
1261 2493 1373 2580 Etym,

197 2609 239 2672 ll.
258 2610 376 2690 399ss
395 2604 564 2691 Εὐτρήσως
587 2601 671 2691 παρὰ
695 2608 730 2672 τὸ
748 2605 927 2690 τετρήσῖῑαι.
953 2601 1003 2672 τὸν
1020 2605 1192 2673 Αὐτόλυκον
1209 2606 1223 2674 ὁ
1240 2605 1374 2685 Εὔπολις

198 2724 332 2790 σκώπτει
356 2723 410 2808 (z
425 2722 464 2787 fr.
483 2723 525 2786 56
541 2722 614 2809 Ko.)
627 2723 662 2809 2ὅ)
687 2744 754 2787 non
775 2721 925 2787 concludi
941 2722 1041 2787 debet
1055 2727 1188 2809 poetam
1204 2725 1239 2789 in
1254 2724 1373 2789 fabula

199 2863 261 2905 sua
292 2859 419 2923 semper
448 2836 650 2923 Autolycum
681 2837 743 2902 hoo
773 2838 906 2903 nomine
942 2837 1126 2923 appellasse
1156 2861 1234 2905 vero
1273 2839 1372 2925 plane
1435 2925 1438 2934 Ι

199 2956 358 3037 neglecto,
390 2974 497 3037 neque
521 2954 627 3036 magis
659 2975 700 3018 ex
731 2974 779 3035 en,
814 2952 901 3036 quod
932 2953 966 3016 in
996 2952 1192 3034 fragmentis
1215 2954 1371 3041 Autolyci

199 3091 320 3135 nomen
344 3089 509 3152 nusquam
527 3069 655 3150 legitur,
680 3090 766 3152 quae
786 3069 939 3153 quamvis
956 3068 1051 3134 nobis
1070 3069 1178 3133 multa
1194 3068 1373 3135 videantur

199 3195 237 3252 ut
261 3187 421 3250 dramatis
446 3184 605 3271 deperditi
635 3185 804 3268 reliquiae,
836 3191 951 3251 tamen
974 3184 1095 3269 pusilla
1118 3184 1263 3270 proiecto
1293 3208 1372 3272 pars

199 3306 279 3368 sunt
308 3303 456 3383 integrae
481 3300 678 3366 comoediae.
705 3338 744 3347 -
770 3299 865 3379 Quod
888 3287 1002 3364 autem
1034 3298 1077 3363 ad
1100 3305 1370 3381 argumentorum

199 3416 448 3482 similitudinem
473 3417 604 3498 attinet,
630 3415 669 3480 de
693 3416 745 3480 his
769 3414 868 3479 rebus
892 3419 1017 3479 certum
1041 3413 1199 3478 iudicium
1227 3417 1370 3480 vetitum

199 3554 272 3598 esse
296 3536 390 3617 puto,
420 3530 580 3615 quamdiu
610 3552 760 3596 summae
791 3528 1022 3595 tantummodo
1053 3529 1245 3595 fabularum
1274 3533 1371 3597 nobis

198 3652 299 3713 notae
324 3651 412 3729 sunt,
445 3648 576 3730 singula
602 3669 736 3734 prorsus
760 3647 882 3729 latent3
914 3646 1001 3732 quod
1024 3647 1058 3710 in
1082 3650 1223 3731 utraque
1253 3647 1371 3713 fabula

199 3764 389 3829 convivium
405 3764 640 3849 apparabatur,
661 3786 729 3829 non
744 3761 936 3848 suppeditat
958 3783 1104 3844 causam,
1130 3783 1187 3826 cur
1209 3763 1243 3826 in
1267 3785 1370 3828 unam

199 3902 256 3944 eas
281 3880 528 3958 contrahamus,
553 3900 613 3944 nec
637 3880 753 3961 magis,
778 3876 865 3962 quod
890 3878 1011 3943 Callias
1038 3880 1069 3942 in
1093 3880 1234 3962 utraque
1257 3882 1370 3964 partes

307 4092 337 4156 ²⁴)
356 4092 532 4145 Scribcndum
553 4089 659 4142 videtur
678 4092 804 4143 Cleonem
824 4090 928 4143 Niciam
948 4089 1163 4143 Demosthenem.

307 4181 337 4243 ²¹⁵)
356 4182 397 4234 of.
417 4181 505 4233 Strab.
524 4180 562 4231 lX
583 4181 607 4246 ἱ),
627 4179 676 4246 983
701 4179 794 4247 steph.
818 4179 881 4247 Byz.
907 4195 927 4230 s.
946 4177 1092 4248 Εὔτρησις,
1116 4176 1368 4250 πόλιςἎρκαδική.

200 4271 337 4322 Kaibclius
352 4271 441 4321 llcrm.
455 4269 546 4321 XXIV
558 4271 568 4332 t
571 4268 651 4333 1889)
661 4268 694 4320 42
706 4269 819 4321 coniecit
829 4268 945 4334 Eupolin
961 4269 987 4319 in
1001 4283 1048 4319 sua
1060 4266 1196 4321 comoedia
1205 4271 1368 4338 Autolycum

200 4361 308 4426 ciusquc
323 4368 425 4427 patrem
440 4360 572 4426 liyconcm
593 4359 700 4409 civitate
714 4358 805 4409 Attica
823 4357 944 4422 privasse
963 4355 1008 4421 (ci.
1023 4356 1094 4408 infra
1113 4373 1133 4409 s.
1146 4359 1187 4410 tit.
1200 4355 1366 4428 Ἐφιάλτης).

1281 4473 1296 4506 a
