3136 5024
616 307 650 315 -
689 264 739 330 109'

128 454 303 520 dicendum
334 459 394 535 est,
427 454 515 539 quod
544 455 685 519 Meiuek.
709 455 729 520 l.
748 455 784 520 l.:
825 456 1073 541 ,Antiquiorem
1103 456 1196 521 illum
1227 477 1301 536 cog-

127 573 260 637 nomine
296 569 453 636 Oothurni
486 592 551 655 quo
587 571 696 635 minus
739 570 965 654 intelligamus
1005 593 1080 636 cum
1116 576 1302 656 temporum

128 688 274 753 rationes
297 687 504 772 prohibeant,
529 687 639 751 nescio
664 708 707 750 an
731 687 793 752 sub
811 687 1025 752 Theramenis
1048 687 1180 760 nomine
1197 686 1301 751 Crati-

128 825 191 867 nus
215 784 382 867 hominem
405 801 494 866 illius
518 802 664 866 moribus
689 805 723 866 et
746 803 877 885 ingenio
906 802 1046 867 similem
1070 802 1301 885 exagitaverit.

129 918 192 984 cfr.
209 939 309 1004 supra
331 940 362 1004 p.
380 918 455 982 275.
482 916 523 1006 [v.
541 940 571 1003 p.
591 912 674 1006 81.]'
700 918 772 983 Nisi
799 918 884 983 forte
907 917 961 983 ille
986 917 1219 983 Demosthenis
1243 917 1301 982 ob-

127 1037 287 1099 trectator
313 1032 547 1116 intelligendus
572 1037 632 1115 est,
659 1033 697 1098 de
729 1055 793 1118 quo
822 1035 970 1118 queritur
993 1038 1104 1099 orator
1127 1034 1229 1119 Epist.
1247 1035 1298 1097 4.“

129 1148 193 1214 Sed
209 1148 360 1234 equidem
377 1149 464 1214 hanc
480 1148 745 1215 emendationem
759 1153 860 1234 atquc
873 1149 1126 1236 explicationem
1142 1150 1302 1214 incertam

129 1266 201 1329 esse
213 1270 304 1350 puto,
322 1285 382 1329 uec
399 1264 495 1330 valde
511 1286 699 1352 repugnem,
718 1266 745 1330 si
762 1267 836 1349 quis
853 1265 953 1330 aliam
970 1265 1176 1351 proposuerit
1192 1263 1302 1329 mede-

128 1380 205 1462 lam,
241 1380 335 1445 velut
370 1382 537 1466 Θηρωρ.ένη
575 1380 645 1446 coll.
674 1381 798 1461 titulis,
834 1381 950 1465 quales
987 1384 1067 1445 suut
1101 1381 1302 1465 Antiphanis

126 1490 600 1580 ’ΑκοντιζομένηἋρποιζομένη,
618 1495 767 1561 Alexidis
785 1498 1098 1581 Μανδραγοριζομένῃ,
1114 1495 1303 1581 Apollodori

130 1609 259 1697 Carysti
276 1614 493 1698 Σφαττομένῃ,
518 1612 684 1698 Posidippi
704 1610 957 1699 Ἀποκλῃομένη,
972 1611 1145 1677 Menandri
1165 1617 1302 1696 Περικει-

129 1729 238 1812 ρομένη
262 1727 423 1812 multique
448 1728 514 1792 alii.

235 1843 334 1909 Porro
350 1843 404 1908 hic
420 1842 592 1929 ponendus
609 1845 809 1928 Θωρύκιον
833 1843 951 1925 titulus
968 1844 1190 1925 Heniochi,
1209 1844 1302 1908 cuius

129 1959 288 2028 memoria
319 1959 380 2024 soli
404 1958 525 2024 Suidae
557 1957 745 2045 (u‘Hulog.)
777 1959 929 2040 debetur;
960 1959 1101 2024 Meiuek.
1123 1958 1155 2023 h.
1178 1981 1219 2023 cr.
1238 1960 1302 2023 422

69 2056 75 2062 ’
130 2075 291 2160 Θωρυκίων
321 2075 460 2161 scripsit,
496 2076 608 2157 ,cuius
632 2076 781 2162 ¹nominis
813 2075 1000 2160 exemplum
1027 2074 1190 2139 habemus
1214 2073 1303 2159 apud

130 2191 362 2277 Aristophanis
386 2192 470 2256 Rau.
489 2192 563 2256 365.
589 2191 663 2256 383.
699 2190 770 2255 Nisi
788 2191 922 2276 Θορίκιοι
937 2190 1073 2255 fabulae
1089 2190 1209 2254 titulus
1227 2188 1301 2268 fuit,

130 2327 195 2391 quo
208 2307 340 2370 nomine
357 2307 459 2371 etiam
471 2307 672 2392 Antiphanis
686 2306 801 2370 drama
812 2307 1007 2391 inscriptum
1019 2305 1124 2370 fuisse
1137 2307 1299 2369 constat.“

130 2420 223 2485 Unde
247 2422 446 2487 Kirohuerus
469 2423 503 2486 iu
527 2423 659 2508 Prosop.
681 2425 751 2487 Att.
770 2421 952 2506 sffloam
967 2443 1014 2486 nr.
1033 2423 1118 2486 6429
1142 2419 1303 2485 audacius

130 2538 309 2602 annotavit
332 2557 432 2623 quam
457 2539 592 2603 certius:
627 2538 762 2622 „fabula
786 2537 947 2622 Θωρυκίων
977 2538 1121 2623 pertinet
1149 2535 1304 2600 videlicet

131 2650 174 2717 ad
204 2652 441 2738 Thorycionem
473 2654 638 2739 Aristoph.
662 2655 746 2719 Rau.
772 2655 846 2718 363.
868 2653 1030 2738 381.“2⁹⁰)
1076 2652 1162 2717 Nam
1187 2652 1303 2736 quinto

75 2763 78 2771 ’
131 2767 262 2832 saeculo
287 2766 340 2832 vel
364 2768 458 2833 initio
483 2770 593 2853 quarti
609 2770 815 2834 Heniochum
831 2769 966 2834 fabulas
983 2767 1133 2833 docuisse
1151 2765 1303 2832 credibile

101 2973 104 2977 Ι
130 2904 197 2947 non
221 2882 361 2964 videtur,
387 2885 450 2949 nisi
475 2886 598 2950 erravit
621 2889 736 2950 auctor
760 2885 882 2950 Suidae
905 2908 930 2950 s.
948 2907 980 2949 n.
995 2877 1140 2969 Ἡνίοχος
1169 2881 1305 2967 κωμικὸς

129 3003 188 3083 τῆς
205 3001 326 3083 μέσης
341 2999 504 3088 κωμῳδίας
520 3000 575 3086 (cf.
592 3001 739 3083 Wagner
754 3001 840 3066 Diss.
858 3024 888 3087 p.
906 3001 958 3065 34.
977 3001 1029 3065 50.
1047 3000 1100 3064 53.
1119 3000 1171 3084 54)
1190 3003 1223 3062 et
1239 2998 1304 3063 nisi

129 3114 216 3180 falso
247 3137 348 3201 supra
379 3117 419 3202 (p.
438 3118 479 3181 38
504 3119 586 3204 sqq.)
618 3117 657 3181 de
688 3119 758 3182 eius
790 3117 970 3203 Polyeucto
1002 3120 1103 3200 atque
1134 3136 1184 3195 ea,
1217 3133 1303 3197 quae

130 3229 235 3295 Urbes
248 3230 391 3296 fortasse
408 3233 567 3318 inscripta
583 3232 657 3315 fuit,
671 3232 788 3298 fabula
801 3232 1056 3319 disputavimus,
1086 3231 1176 3310 Quas
1189 3233 1302 3294 tamen

131 3347 337 3412 coniecturas
361 3347 407 3412 ibi
430 3347 577 3433 prolatas
602 3350 707 3431 magis
735 3349 887 3413 existimo
912 3348 955 3413 ad
978 3347 1130 3412 veritatis
1162 3345 1303 3431 speciem

131 3461 284 3526 accedere
315 3483 416 3546 quam
446 3464 533 3528 hanc
560 3465 657 3529 istius
686 3461 803 3529 indicis
834 3464 1087 3550 explicationem
1119 3465 1304 3526 correctura

131 3577 243 3641 nixam
269 3578 403 3642 minime
428 3583 533 3644 certa:
558 3580 710 3665 opinetur
733 3581 821 3644 enim
846 3580 1009 3665 quispiam
1033 3600 1147 3643 veram
1167 3577 1303 3662 inscrip-

131 3693 256 3756 tionem
279 3693 422 3758 fortasse
446 3693 550 3759 luisse
574 3694 793 3782 Θωράκιονίω)
817 3696 875 3776 ita,
902 3699 939 3759 ut
955 3715 1029 3758 cum
1046 3693 1208 3758 similibus
1226 3713 1302 3756 cou-

131 3807 257 3872 fcratur
280 3809 375 3873 velut
397 3809 554 3894 Σφενδόνῃ
579 3812 757 3896 Amipsiae,
778 3809 903 3877 Ἀσπίδι
917 3810 1099 3890 Menandri,
1116 3807 1304 3895 Ἐγχειριδίῳ

132 3924 257 4010 Sophili
280 3925 482 3990 Philemonis
506 3925 687 4008 Menandri,
713 3926 754 3991 al.

240 4148 283 4215 ²⁹⁰)
304 4150 376 4203 Beue
397 4148 588 4215 Aristophanis
607 4149 640 4200 de
660 4150 829 4217 Thorycioue
857 4152 944 4203 locum
971 4151 1161 4216 interpretatus
1185 4154 1224 4200 cst
1243 4147 1302 4200 Van

132 4239 263 4290 Lceuwcu
284 4239 457 4306 Mnemosyne
477 4237 567 4290 XXIV
586 4239 676 4304 (1896)
696 4239 754 4291 112.

240 4326 284 4388 ⁴²⁰¹)
303 4328 361 4379 Vox
378 4343 449 4378 nunc
470 4328 569 4393 legitur
587 4328 613 4378 iu
635 4343 703 4379 novo
723 4327 875 4380 comoediae
895 4327 1044 4395 fragmento
1064 4327 1134 4378 Berl.
1156 4326 1305 4378 Klassiker-

132 4425 205 4469 texte
227 4416 248 4467 V
262 4417 286 4482 2,
306 4434 330 4484 p.
346 4416 435 4485 113s4,
455 4434 478 4470 ν.
494 4417 536 4481 29,
555 4415 602 4468 scd
622 4417 675 4468 alio
695 4432 781 4468 seusu.
