3136 5024
693 266 912 320 -ar-·

197 443 344 532 moadiae
369 443 516 508 eiusdem
540 446 668 528 poetae,
694 443 814 528 quihus
838 442 924 508 idem
951 447 1024 509 erat
1046 444 1166 510 titulus
1182 444 1370 525 Μακεδόνες,

197 559 358 644 siquidem
371 558 601 641 etiamsindiois
611 559 785 633 Μακεδόνες
796 555 818 642 ἦ
830 559 1008 635 Παυσανίας
1020 560 1234 645 posteriorem
1242 548 1372 645 partem

198 675 363 740 succidere
388 675 460 742 volt
483 675 629 739 Haasius
654 674 808 760 (fortasse
831 679 929 757 recte,
955 675 995 740 ci.
1017 697 1117 761 supra
1140 699 1170 761 p.
1189 677 1258 762 25),
1283 675 1371 759 quod

197 790 351 877 quamvis
375 812 441 854 non
459 793 572 854 careat
587 789 745 875 exemplis
762 830 802 837 —
821 790 1002 855 Menander
1019 790 1102 856 duas
1118 790 1252 856 fabulas
1270 792 1371 876 scrip-

197 906 280 972 sisse
304 906 436 971 videtur
455 902 604 991 Ἀδελφοί
631 905 816 991 appellatas
844 946 888 952 —-
912 910 1026 971 tamen
1055 907 1109 971 hic
1129 911 1178 972 'ut
1208 899 1370 986 credatur,

197 1022 271 1087 aliis
295 1043 378 1107 opus
402 1026 454 1085 est
470 1021 685 1103 argumentis.
724 1019 790 1086 Sed
813 1020 937 1106 profert
952 1022 1114 1086 Haasius:
1143 1044 1184 1086 ex
1205 1023 1370 1087 Athenaei

197 1139 267 1203 loco
298 1137 357 1201 ΧΠ
388 1135 487 1202 cord
519 1135 629 1222 (quem
659 1137 892 1222 exscripsimus
923 1160 953 1222 p.
979 1139 1032 1224 26)
1069 1159 1256 1223 comparere
1292 1136 1371 1203 dicit

197 1253 362 1318 Cinesiam
386 1275 407 1317 a
429 1255 529 1338 poeta
560 1273 625 1316 non
649 1253 777 1338 proprio
808 1252 941 1317 nornine
973 1257 1127 1318 ornatum
1155 1253 1190 1318 in
1214 1275 1371 1319 scaenam
1436 1272 1438 1282 ’

198 1368 379 1434 demissum
403 1366 486 1449 esse,
515 1369 653 1452 „quippe
678 1389 776 1451 quem
800 1368 933 1432 nomine
953 1366 1115 1451 Ἀχιλλεύς
1144 1368 1199 1434 vel
1222 1369 1373 1454 (Phiricqg

197 1483 395 1565 induxerit“,
427 1484 541 1567 itaque
572 1504 639 1547 non
669 1484 817 1568 potuisse
848 1484 975 1569 proprio
1007 1485 1139 1549 nomine
1168 1485 1371 1550 comoediam

196 1599 340 1665 inscribi.
387 1598 452 1663 Sed
476 1620 535 1681 ego
560 1598 687 1663 nullam
715 1597 810 1664 video
835 1601 1081 1682 necessitatem,
1113 1623 1180 1685 qua
1211 1600 1254 1665 ad
1284 1601 1372 1666 hanc

197 1715 442 1780 conclusionem
466 1735 631 1797 cogamur,
649 1736 716 1781 non
733 1715 839 1796 magis
856 1736 957 1799 quam
972 1716 1008 1779 in
1026 1716 1187 1801 Autolyco
1204 1714 1372 1800 Εὐτρήσίος

197 1829 363 1915 appellato
389 1829 440 1915 (ci.
458 1851 559 1915 supra
582 1851 611 1914 p.
632 1831 699 1916 NJ:
731 1831 831 1894 immo
859 1831 969 1915 potuit
992 1853 1074 1895 sane
1097 1831 1151 1896 vel
1176 1832 1294 1896 chorus
1318 1832 1372 1896 vel

197 1967 339 2031 persona
373 1945 486 2029 aliqua
520 1945 555 2008 in
590 1946 664 2030 ipsa
698 1944 886 2009 comoediae
922 1947 1171 2011 continuatione
1207 1947 1371 2012 Cinesiam

203 2059 337 2142 »Φδιώἐ
362 2057 527 2144 Ἀχιλλεῦ(ι
555 2059 688 2145 alloqui,
709 2061 844 2124 ¹etiamsi
861 2060 914 2125 hic
930 2082 990 2125 suo
1007 2062 1134 2147 proprio
1165 2062 1297 2126 nomine
1321 2063 1371 2127 in-

199 2177 342 2258 signitus
365 2176 495 2262 prodiit.
528 2215 572 2222 -—
604 2175 668 2240 Sed
699 2175 913 2261 explicaverit
942 2175 1085 2242 fortasse
1116 2176 1160 2263 (id
1190 2176 1278 2261 quod
1301 2178 1373 2262 ipse

197 2291 343 2356 Haasius
367 2313 434 2356 non
457 2291 548 2378 facit)
574 2291 676 2375 aliqui
699 2291 817 2356 Haasii
847 2292 1055 2357 coniecturae
1078 2292 1190 2357 fautor
1206 2292 1372 2358 Athenaei

197 2407 301 2472 verba
325 2408 439 2482 παίζων
463 2397 514 2471 οὖν
538 2409 580 2483 εἰς
610 2404 666 2492 τὴν
697 2407 778 2472 olai
802 2405 894 2472 αὐτοῦ
918 2405 977 2493 ἔφη
1007 2405 1119 2473 Φῇιῶί
1145 2406 1289 2491 Ἀχιλλεῦ
1312 2410 1370 2490 ita,

198 2526 237 2587 ut
274 2527 428 2588 ornatum
466 2522 651 2587 Achilleuni
685 2545 936 2608 personamque,
968 2524 1089 2607 quihus
1124 2523 1262 2589 indutus
1297 2547 1371 2610 pro-

199 2636 318 2702 ductus
343 2639 387 2703 sit
412 2638 569 2720 Oinesias,
594 2639 733 2703 vocibus
763 2639 805 2710 είς
835 2635 891 2721 τὴν
930 2639 1011 2704 ἲδέαν
1041 2640 1266 2722 significatam
1299 2661 1373 2705 esse

199 2753 303 2818 dicat:
327 2757 441 2818 tamen
465 2775 532 2818 non
557 2755 723 2818 assentiar
745 2754 856 2839 potius
880 2753 1069 2818 Kaibelium
1095 2759 1239 2838 secutus
1265 2756 1371 2840 quiin
1425 2845 1431 2851 .

199 2868 342 2934 editione
359 2869 524 2933 Athenaei
548 2869 702 2934 lacunam
721 2872 798 2954 post
814 2865 928 2933 nardi
945 2866 1090 2952 Ἀχιλλεῦ
1108 2871 1229 2934 statuit
1252 2871 1371 2952 iorum,

199 3005 264 3069 quo
295 2985 416 3049 misera
447 2984 680 3070 dithyrambici
710 2977 995 3070 poetae'corporis
1025 2984 1132 3049 forma
1159 2985 1370 3066 illudebatur,

199 3099 360 3165 excidisse
383 3104 493 3182 ratus3
518 3122 596 3165 narn
620 3100 682 3165 hoo
705 3100 812 3165 voluit
835 3100 1029 3165 Athenaeus
1054 3101 1244 3165 testimonio
1269 3100 1372 3166 allato

199 3215 314 3280 docere
339 3215 503 3280 Oinesiam
527 3215 631 3280 fuisse
659 3211 771 3297 ,darom
795 3215 991 3300 μακρότατον
1015 3215 1068 3280 καί
1091 3214 1311 3281 λεπτότατενίί.

305 3331 389 3396 Mira
412 3335 526 3396 autem
550 3333 839 3412 argumentatione
863 3331 1009 3396 Haasius
1033 3332 1129 3396 nohis
1161 3331 1274 3397 studet
1298 3354 1371 3418 pro-

199 3447 278 3511 bare
303 3447 437 3511 chorum
461 3446 678 3512 Macedonum
702 3447 736 3511 in
766 3447 829 3511 hac
860 3468 990 3530 quoque
1015 3446 1183 3512 comoedia
1217 3448 1315 3532 (sicut
1339 3449 1372 3513 in

199 3561 435 3627 Macedonibus
466 3563 520 3626 vel
545 3563 724 3648 Pausania)
756 3585 776 3626 a
806 3566 906 3648 poeta
937 3584 1009 3628 csse
1040 3562 1243 3627 adhibitum:
1279 3585 1372 3645 „cum

199 3677 323 3741 Phthia
334 3679 422 3759 regio
435 3678 648 3743 Macedoniae
665 3679 776 3742 vicina
793 3682 891 3759 esset,
906 3678 1025 3743 chorus
1041 3678 1258 3743 Macedonum
1270 3681 1372 3743 etiarn

200 3792 233 3856 in
251 3793 314 3857 hac
330 3793 499 3857 comoedia
515 3794 588 3857 miri
605 3793 685 3877 quid
703 3795 825 3859 hahere
843 3794 992 3878 nequit“:
1018 3815 1092 3875 ergo
1110 3795 1189 3877 quia
1205 3794 1372 3859 Phthiotis

199 3909 287 3989 regio
312 3912 363 3972 est
386 3908 457 3973 eius
482 3909 674 3974 Thessaliae
697 3911 811 3995 partis,
844 3931 929 3992 quae
959 3909 1103 3973 maxime
1136 3909 1179 3973 ad
1202 3909 1372 3974 meridiem

200 4023 315 4104 vergit,
333 4024 527 4089 Macedonia
544 4029 657 4089 autem
673 4024 818 4089 finitima
834 4028 886 4088 est
902 4024 1093 4089 Thessaliae
1111 4025 1372 4110 septentrionali,

199 4138 414 4204 Macedonum
442 4140 559 4204 chorus
588 4140 710 4203 nemini
735 4139 912 4204 offensioni
943 4144 1054 4225 potest
1082 4162 1164 4206 esse.
1212 4140 1372 4226 Equidem

201 4253 295 4319 credo
320 4255 468 4319 Oinesiae
492 4277 533 4319 ne
558 4256 591 4319 in
617 4255 776 4319 Achillem
804 4255 936 4339 quidem
967 4260 1170 4321 commutato
1195 4257 1370 4341 quicquam

200 4369 304 4434 fuisse
321 4392 395 4434 cum
411 4370 657 4447 Macedonibus
675 4372 785 4456 potius
803 4393 875 4434 cunr
894 4371 1222 4452 Myrrnidonibus3
1240 4372 1327 4457 quod
1344 4373 1372 4437 si
