3136 5024
685 310 720 317 -
757 280 807 332 133
845 309 878 318 —-

199 459 251 523 τον
276 454 471 542 Στησιχόρου,
500 441 702 548 Τιμόὶνεον
732 456 765 520 δὲ
794 450 846 520 τὸν
869 454 1021 520 oteramo.
1069 454 1153 518 Tum
1183 455 1372 540 praeclarus

199 573 393 638 Timotheus
423 577 574 637 mortuus
605 576 677 637 erat
707 570 758 657 (cf.
785 570 824 636 de
859 547 1049 636 Wilamow.
1085 571 1227 636 Timoth.
1258 571 1373 636 Perser

199 712 230 774 p.
255 690 296 754 67
329 710 354 753 c.
379 687 455 752 adn.
479 689 522 775 4).
567 687 671 752 Nemo
702 687 839 769 negabit
869 685 1020 768 eundem,
1053 687 1110 772 qui
1136 708 1166 750 a.
1193 688 1257 751 353
1280 687 1372 751 tibiis

199 805 326 886 cecinit,
352 805 454 869 etiam
485 825 515 868 a.
532 804 597 866 324
621 803 769 888 potuisse
800 803 1037 867 certaminibus
1062 802 1234 868 interesse.
1280 802 1372 867 Non·
1438 877 1440 882 ,

164 979 166 983 Α
199 918 282 985 nulli
305 941 346 984 ex
369 919 586 984 histrionibus
616 919 750 1000 tragicis
781 922 815 984 et
838 919 979 999 comicis,
1012 917 1068 1003 qui
1100 919 1134 981 in
1158 917 1223 982 illis
1247 918 1373 1003 nuptiis

197 1035 353 1101 'dramata
369 1039 516 1117 egerunt,
534 1035 601 1098 iam
618 1033 674 1098 diu
686 1035 828 1100 Athenis
841 1033 1033 1098 floruerant.
1044 1033 1096 1120 ³⁵²)
1122 1033 1229 1112 Quam
1245 1033 1373 1100 coniec-

199 1154 311 1216 turam
334 1150 373 1216 de
396 1151 569 1217 Timotheo
600 1151 657 1235 qui
686 1150 850 1235 probabit,
882 1149 986 1214 multo
1011 1152 1087 1234 post
1114 1172 1144 1214 a.
1162 1150 1227 1214 320
1251 1148 1374 1235 Diphili

200 1265 397 1352 Synoridem
421 1264 552 1331 doctam
576 1286 649 1332 esse
673 1287 738 1331 non
764 1265 882 1330 credet.

608 1495 821 1565 Menandri
853 1496 960 1572 Θαίς.

307 1667 443 1748 Restat,
482 1670 520 1732 ut
549 1666 801 1752 praeclarissimi
839 1687 947 1731 novae
983 1665 1171 1731 comoediae
1207 1666 1373 1752 scriptoris

201 1781 327 1866 titulos,
360 1783 416 1867 qui
446 1782 511 1847 huc
540 1783 717 1868 pertinent,
749 1782 942 1864 afferamus⁷
973 1781 1158 1864 Menandri,
1189 1785 1291 1867 atque
1322 1803 1373 1869 or-

100 1921 102 1924 ·
201 1898 330 1963 diamur
358 1920 380 1963 a
407 1897 575 1963 comoedia
605 1897 717 1980 nobili,
749 1898 801 1962 cui
835 1896 913 1972 Θαίς
943 1900 1015 1962 erat
1044 1897 1239 1983 inscriptum
1265 1897 1373 1983 (Mein.

199 2013 286 2078 Men.
305 2015 340 2078 et
350 2012 433 2077 Phil.
451 2013 518 2077 rell.
535 2035 566 2098 p.
587 2015 627 2077 73
643 2034 731 2098 sqq.;
758 2012 819 2077 Ko.
841 2012 884 2076 ΙΙΙ
902 2014 940 2077 61
967 2014 1067 2099 sqq.):
1091 2012 1157 2076 fuit
1173 2016 1287 2077 autem
1305 2013 1374 2077 Me—

201 2127 320 2193 nandri
343 2131 455 2193 aetate
470 2128 626 2194 meretrix
642 2150 723 2193 sane
739 2127 965 2193 famosiSSIma
980 2128 1091 2209 ThaiS,
1115 2127 1191 2193 vide
1215 2128 1374 2212 imprimis

201 2244 322 2309 Athen.
338 2243 411 2308 XIII
427 2245 492 2308 576
509 2243 529 2306 d
546 2265 578 2308 e:
604 2238 618 2308 b
643 2243 675 2308 δὲ
692 2245 788 2328 μέγας
800 2241 1003 2327 Ἀλέξανδρος
1026 2241 1058 2308 οὐ
1076 2242 1194 2308 Θαίδα
1216 2237 1278 2326 εἶχε
1302 2240 1369 2326 μεῖν’

201 2357 308 2425 ἑαυτοῦ
333 2354 405 2444 τὴν
424 2354 620 2444 ’Λττικὴν
644 2360 830 2444 ἑταίραν;
857 2357 928 2445 ’περὶ
957 2349 996 2443 ἧς
1026 2381 1099 2446 φησι
1122 2358 1310 2443 Κλείταρχος
1334 2356 1376 2434 ὡς

202 2473 303 2550 αἰτίας
325 2476 486 2561 γενομένης
509 2478 562 2538 τοῦ
587 2472 801 2559 ίμπρησῗῖγναι
823 2469 865 2539 τοί
881 2476 910 2539 ἐν
927 2472 1108 2559 Περσεπόλει
1124 2475 1260 2556 βασίλεια
1274 2522 1280 2536 .
1295 2469 1375 2558 αἰίτη

202 2589 234 2654 δὲ
261 2587 281 2675 ἡ
313 2587 390 2666 Θαίς
418 2588 490 2678 [καί]
522 2585 602 2674 μετὰ
632 2585 684 2655 τὸν
704 2587 909 2674 Ἀλεξάνδρου
939 2588 1077 2655 savara
1106 2588 1160 2655 καί
1192 2592 1375 2678 Πτολεμαίῳ
1483 2665 1486 2670 r

201 2702 348 2789 ἐγαμήῧη
377 2709 419 2794 τῷ
450 2706 560 2793 πρώτῳ
591 2705 799 2786 βασιλεύσαντι
830 2705 989 2788 Αἰγύπτου
1020 2703 1074 2770 καί
1108 2707 1262 2789 ἐγέννησεν
1293 2703 1375 2793 αἰτῳ

202 2821 307 2885 τέκνον
339 2820 517 2885 Λεοντίσκον
549 2818 603 2884 καί
633 2798 745 2903 Λοίγον,
775 2821 935 2904 ἳννγατέρα
965 2819 997 2884 δὲ
1028 2817 1167 2904 Εἰρήνην,
1196 2815 1234 2904 ἣν
1265 2819 1375 2910 ἔγημεν

201 2931 352 3011 Εὔνοστος
374 2929 388 3000 ὁ
413 2935 519 3001 Σόλων
543 2933 604 3000 τῶν
627 2937 656 3000 ἐν
681 2933 793 3023 Κύπρῳ
816 2933 960 3015 βασιλεύς.
991 2934 1037 3000 ef.
1055 2936 1097 2999 ib.
1117 2935 1182 3000 585
1206 2956 1271 3016 τες
1288 2935 1374 3002 Plut.

202 3051 294 3116 Alex.
320 3051 378 3134 383
410 3050 503 3116 Diod.
535 3050 597 3115 Sic.
622 3050 713 3115 XVII
746 3052 796 3116 72.
830 3090 873 3097 -
904 3050 1030 3115 Tamen
1064 3051 1107 3116 ab
1138 3051 1201 3115 hac
1229 3051 1374 3131 muliare,

203 3170 365 3250 quantum
389 3186 450 3231 nos
481 3187 658 3251 possumus
690 3164 844 3247 iudicare,
880 3165 926 3230 nil
956 3166 1020 3231 nisi
1051 3186 1171 3231 nomen
1195 3165 1376 3232 Menander

204 3282 386 3368 sumpsisse
410 3280 556 3364 videtur;
584 3280 672 3366 quod
695 3282 837 3367 primum
861 3279 1018 3346 concludo
1044 3303 1085 3347 ex
1108 3286 1182 3347 tota
1204 3281 1377 3350 Menandri

202 3395 311 3479 indole
328 3400 429 3483 atque
454 3396 616 3462 scribendi
639 3397 779 3479 ratione,
797 3418 896 3482 quern
919 3398 1082 3480 integram
1107 3396 1149 3461 ad
1172 3395 1377 3463 illudendum

203 3511 347 3598 aliquem
370 3512 544 3596 aequalem
569 3511 772 3578 comoediam
794 3513 964 3599 scripsisse
988 3533 1084 3577 nemo
1108 3511 1206 3579 facile
1231 3510 1375 3581 credide-

202 3627 254 3708 rit,
280 3626 397 3692 deinde
426 3628 502 3693 eL.
524 3626 641 3693 Afrani
672 3626 841 3693 comoedia
871 3627 972 3693 Thais
1004 3627 1135 3714 (Ιίἰίνί).2
1165 3650 1196 3713 p.
1220 3629 1303 3709 2073
1335 3628 1404 3692 cf(

202 3742 331 3807 Ritschl
346 3743 489 3826 Parerga
512 3766 542 3828 p.
562 3745 625 3808 142
649 3743 724 3808 adn.
743 3745 785 3829 2),
810 3764 911 3828 quam
928 3765 945 3808 e
961 3742 1163 3808 Menandrea
1187 3764 1377 3829 expressam

204 3878 276 3923 esse
299 3859 468 3945 probabile
493 3863 555 3939 est,
581 3858 721 3943 deniqne
746 3881 787 3923 ex
802 3859 882 3944 ipsis
903 3857 1075 3923 Menandri
1098 3859 1251 3923 versibus
1268 3880 1285 3922 e
1302 3879 1376 3944 pro·

183 3973 276 4056 ,logo
300 3973 436 4040 Thaidis
460 3974 643 4059 desumptis
668 3973 765 4059 (Plut.
789 3974 868 4038 Mor.
888 3975 967 4039 19a
997 4004 1040 4031 =
1071 3974 1109 4039 ir.
1128 3975 1191 4038 217
1216 3974 1289 4060 Kc.)
1307 3974 1374 4038 his:

309 4240 353 4309 ³⁵²)
372 4242 513 4295 Thettalus
533 4257 556 4293 a.
570 4240 651 4310 34211
672 4240 772 4306 prodiit
790 4241 848 4306 (IG
868 4241 893 4292 ll
912 4241 974 4307 973,
994 4257 1018 4293 ν.
1032 4242 1056 4292 4.
1077 4242 1100 4294 9.
1122 4242 1155 4294 14
1167 4239 1293 4291 =Wilh.
1308 4239 1374 4292 Urk.

202 4346 227 4397 p.
241 4330 275 4382 39
289 4333 348 4397 so),
368 4330 558 4383 Athenodorus
578 4346 602 4382 a.
622 4328 703 4399 343j2
723 4329 781 4396 (lli
801 4329 827 4406 Il
845 4329 922 4382 9710
939 4353 974 4375 z
987 4329 1070 4381 Wilh.
1084 4328 1151 4381 Urk.
1171 4346 1196 4395 p.
1211 4328 1261 4389 26).
1281 4359 1316 4378 ,-
1335 4327 1376 4380 De

202 4418 310 4485 Lycone
330 4418 364 4472 cf.
384 4418 511 4486 supra'p.
529 4419 570 4472 58.
