3136 5024
697 287 872 339 „72-

198 465 306 549 (Kaih.
331 465 344 528 Ι
370 465 446 546 111;
481 464 568 528 Salis
604 463 643 527 de
680 463 887 528 Doriensium
923 462 1074 528 ludorum
1110 463 1143 527 in
1179 484 1261 528 com.
1298 465 1368 528 Att.

197 581 356 662 vestigiis
375 581 461 644 Diss.
475 580 551 645 Bae.
569 579 663 660 1905,
680 601 709 664 p.
725 579 765 643 51
780 577 851 666 sq.)]
869 581 1015 664 Apparet
1027 599 1108 643 sane
1121 578 1194 643 fieri
1209 579 1368 664 potuisse,

198 700 236 761 ut
271 696 332 760 suh
366 694 527 760 eiusmodi
563 695 694 759 nomine
725 695 892 759 hominem
928 697 1053 758 certum
1088 694 1150 759 ioci
1186 715 1290 759 causa
1324 695 1395 759 sic·

199 811 401 897 appellatum
426 811 658 894 αἰνιγματωδῶς
680 809 892 874 traducerent
914 812 1032 895 poetae
1063 810 1187 890 comici,
1219 808 1252 874 id
1283 809 1368 894 qnod
1411 808 1414 813 ’

198 927 387 1013 posterioris
404 924 592 991 comoediae
608 925 773 1011 proprium
797 924 901 989 fuisse
921 925 1035 990 dicunt
1053 927 1366 1001 commentationum

198 1041 327 1107 illarum
353 1041 392 1106 de
424 1040 592 1106 comoedia
624 1041 797 1126 scriptores
827 1041 1035 1128 veteres:¹⁸⁸)
1067 1042 1255 1127 exemplum
1286 1042 1368 1107 satis

197 1157 403 1222 luculentum
433 1162 522 1222 esset
553 1156 736 1232 Βάταλος
765 1156 823 1222 illa
858 1178 943 1241 quae
979 1157 1139 1242 inscripta
1172 1156 1368 1240 videtur¹⁸⁹)

197 1271 301 1337 fuisse
339 1267 601 1358 Antiphanis
640 1270 809 1337 comoedia
847 1313 866 1320 -
917 1272 1114 1357 quicumque
1154 1273 1243 1337 enim
1282 1273 1369 1338 hunc

196 1387 332 1453 fabulae
357 1387 496 1452 indicem
522 1387 645 1469 audiet,
678 1387 717 1452 de
742 1387 965 1452 Demosthene
996 1387 1158 1470 cogitabit
1180 1427 1224 1435 —
1247 1383 1366 1455 nisi'in

197 1503 373 1568 auloedum
398 1503 668 1568 obscurissimum
699 1504 822 1588 scripta
852 1524 925 1568 esse
957 1502 1077 1568 diserte
1108 1503 1367 1590 traderetur3¹⁹⁰l

305 1751 347 1816 ¹⁸⁸)
367 1752 407 1806 af.
428 1770 487 1818 eg.
508 1754 611 1805 Platon.
632 1753 647 1823 ξ
667 1754 684 1806 3
706 1770 762 1820 sqq.
789 1752 1112 1821 (Kaib.olts'1p.4);
1141 1754 1230 1806 Schol.
1257 1755 1367 1823 Dionys.

196 1840 259 1894 Thr.
280 1843 366 1909 (ilsp.
383 1845 440 1908 lii),
470 1841 582 1893 Tzetzes
602 1841 634 1894 de
655 1857 720 1895 com.
750 1843 795 1908 (ib.
812 1859 836 1908 p.
857 1842 890 1895 20
904 1858 940 1908 sq.
956 1842 1015 1908 28);
1043 1840 1078 1896 id.
1098 1832 1162 1910 περὶ
1183 1842 1260 1909 drap.
1280 1861 1367 1914 ποτητ.

196 1949 219 1983 v.
233 1933 267 1984 85
287 1931 332 1996 (ib.
353 1948 377 1998 p.
392 1932 445 1997 37).
1080 1939 1083 1951 ’

305 2019 345 2086 ¹⁸⁹)
365 2020 433 2072 Nam
448 2037 480 2072 ne
494 2021 587 2073 titulus
601 2021 708 2086 quidem
722 2022 787 2072 satis
799 2025 917 2086 constat,
937 2021 1073 2086 colligitur
1084 2036 1097 2072 e
1109 2020 1179 2073 Plut.
1190 2021 1329 2074 Demosth.
1339 2023 1368 2074 4:

196 2107 231 2178 ἦν
258 2107 285 2159 d'
309 2109 323 2160 ὁ
350 2107 477 2172 Βάταλος,
510 2108 553 2173 ὡς
575 2108 630 2177 μὲν
661 2108 733 2159 ἔνιοί
757 2127 848 2175 φασιν,
881 2107 999 2178 αὐλητής
1029 2109 1082 2159 τῶν
1110 2109 1292 2176 κατεαγότων,
1324 2111 1368 2160 κατΙ

197 2197 386 2268 τλ”ράματιον
405 2199 455 2254 εἰς
475 2201 604 2259 τοῦτον,
630 2197 798 2268 κωμῳδῶν
817 2195 931 2257 αὐτόν,
955 2194 1162 2268 Ἀντιφάνης
1181 2201 1370 2268 πεποίηκεν

195 2288 256 2342 κτλ,
296 2287 337 2340 Cf.
358 2288 440 2340 Mein.
460 2287 487 2340 h.
501 2304 537 2340 cr.
557 2288 609 2340 333
629 2304 699 2354 sqq.;
718 2288 768 2340 Ko.
789 2288 869 2340 1129.
884 2290 930 2340 35:
951 2289 976 2340 in
992 2287 1084 2340 fabula
1099 2283 1224 2358 Αὐλητής
1237 2289 1370 2355 inscripta

196 2376 321 2428 Batulum
345 2378 378 2429 ab
397 2377 554 2443 Antiphane
582 2378 688 2429 illusum
715 2393 771 2428 esse
798 2379 935 2444 putarunt.
975 2376 1048 2442 Quae
1071 2393 1131 2429 curn
1151 2379 1188 2428 ita
1207 2378 1262 2428 sint
1283 2393 1371 2444 neque

196 2467 319 2532 sciamus,
339 2463 462 2521 Βάταλος
481 2482 572 2517 verum
593 2482 688 2517 nomen
709 2465 793 2517 fuerit
811 2466 919 2518 auloedi
939 2483 972 2517 an
993 2482 1150 2534 cognomen,
1169 2468 1272 2532 primae
1290 2482 1371 2533 quam

196 2556 322 2606 constitui
337 2556 415 2606 classi
429 2556 536 2606 titulum
551 2570 693 2606 accensere
707 2556 786 2607 nolui.
817 2556 868 2620 Qui
885 2556 907 2606 si
923 2546 994 2607 recte
1009 2571 1036 2607 se
1051 2555 1141 2622 habet,
1161 2570 1214 2607 non
1230 2553 1371 2607 crederem

197 2642 264 2694 nihil
283 2643 446 2695 comoediam
467 2643 501 2695 ad
518 2645 650 2695 illustrem
668 2652 801 2696 oratorem
822 2645 991 2711 pertinuisse,
1012 2645 1063 2697 nisi
1076 2643 1246 2710 Antiphanes
1266 2645 1320 2696 iam
1341 2660 1372 2696 eo

196 2739 325 2799 tempore,
351 2748 403 2799 quo
422 2731 617 2785 Demosthenes
636 2733 743 2784 demum
763 2742 841 2785 natus
861 2742 909 2799 est,
928 2731 1035 2785 fabulas
1055 2733 1211 2798 scripsisset.
1245 2732 1300 2784 Sed
1319 2732 1373 2786 hoc

196 2820 309 2874 fortasse
330 2823 391 2873 licet
404 2824 555 2874 coniectare
569 2838 616 2888 per
627 2822 723 2875 ‹lrama
736 2823 940 2888 Antiplianeum
954 2838 1050 2874 nomen
1067 2818 1186 2878 Βάταλος
1199 2823 1226 2874 iu
1240 2824 1372 2874 malorem

164 2943 171 2954 -
196 2927 273 2962 usum
292 2911 396 2962 venisse
415 2919 442 2962 et
460 2912 497 2962 lta
517 2911 691 2963 Demostheni
710 2910 744 2962 ab
765 2911 926 2963 adversariis
947 2927 1003 2962 esse
1022 2911 1182 2977 impositum.
1203 2941 1238 2948 —
1258 2910 1314 2965 Cet.
1336 2909 1371 2964 cf.

196 2998 397 3052 Radermacher
416 3000 485 3051 Berl.
508 3000 571 3065 phil.
592 2999 686 3051 Woch.
709 3000 785 3062 1907,
805 3001 856 3052 301
878 3015 915 3066 sq.

304 3087 347 3154 ¹⁹⁰)
368 3087 408 3141 Of.
429 3087 490 3140 adn.
513 3088 570 3142 189.
598 3120 629 3127 —
654 3089 712 3140 Ilue
732 3091 870 3155 pertinent
889 3090 971 3141 etiam
991 3089 1198 3154 Antiphanis
1218 3097 1249 3140 et
1269 3089 1373 3142 Axio·

196 3179 262 3230 nici
291 3176 426 3229 fabulae
460 3176 626 3247 Τυρρηνός
645 3179 829 3245 inscriptae
849 3178 910 3243 (Ko.
921 3178 1005 3230 litor
1017 3194 1055 3244 sq.
1066 3178 1189 3244 ilisa),
1208 3179 1231 3228 si
1247 3185 1322 3230 reste
1337 3176 1372 3231 ad

195 3267 376 3334 Polystratum
396 3267 589 3319 Atheniensem
609 3268 719 3318 titulum
738 3274 858 3334 spectare
878 3275 1006 3332 sequente
1020 3266 1124 3318 Kockio
1141 3268 1236 3320 statuit
1249 3266 1371 3320 Meinek.

195 3354 217 3406 F
232 3356 251 3407 C
266 3355 288 3406 G
303 3356 326 3406 V
340 3356 373 3408 78
387 3356 447 3408 coll.
467 3357 566 3408 Athen.
581 3356 646 3407 XIII
660 3357 711 3410 607
722 3355 734 3406 f
747 3344 809 3406 olda
825 3355 915 3406 δὲκαὶ
935 3354 1125 3424 Πολύστρατον
1147 3355 1191 3406 τὸν
1202 3353 1372 3424 Ἀθηναῖον,

194 3444 327 3513 μαθητήν
347 3444 378 3494 δὲ
401 3442 584 3513 Θεοφράστου,
606 3446 651 3494 τὸν
669 3442 884 3513 ἐπικαλούμενον
904 3442 1053 3514 7Τυρρηνόν,
1074 3444 1182 3495 ὅτιτῶν
1195 3442 1373 3514 αὐλητρίδιον

197 3532 228 3582 τὰ
246 3530 340 3602 ἱμάτια
360 3535 512 3600 περιέδυεν.
551 3534 603 3585 Sed
630 3534 680 3585 hoc
706 3535 814 3585 minime
844 3535 985 3585 verisimile
1012 3541 1059 3585 est.
1092 3533 1160 3586 Nam
1187 3533 1373 3600 AntIphancs,

196 3629 289 3688 utpote
309 3624 415 3674 circiter
434 3639 520 3675 arrnos
539 3623 661 3676 334-31
683 3631 811 3690 mortuus,
832 3640 885 3675 non
909 3631 994 3689 potest
1012 3623 1174 3689 discipulum
1187 3621 1372 3697 Theophrasti

196 3711 317 3776 illusisse,
337 3718 425 3777 atque,
446 3728 478 3763 ne
498 3713 648 3778 Antiphani
669 3713 763 3764 minori
783 3712 904 3764 faliularn
923 3712 1096 3778 ascribamus,
1118 3709 1281 3779 impedimur
1299 3727 1374 3764 conr-

195 3802 388 3852 memoratione
415 3800 571 3867 Titliymalli
597 3803 709 3867 parasiti
733 3800 766 3851 fr.
787 3803 838 3852 210
856 3801 915 3867 Kc,
940 3817 1019 3867 quom
1048 3801 1151 3852 mediae
1180 3801 1373 3853 tantummodo

195 3888 347 3940 ‹eomoediae
367 3892 509 3956 scriptores
531 3891 683 3941 nominant:
704 3891 867 3955 Aristophon
883 3889 916 3941 fr.
931 3891 965 3943 to
978 3890 1039 3956 (Kc.
1053 3890 1078 3940 ll
1093 3890 1153 3956 280,
1173 3889 1372 3956 desumptume

195 3979 415 4050 [[υθαγοριστῇ);
442 3981 519 4030 Alex.
547 3978 579 4030 ir.
602 3979 650 4030 151
676 3979 791 4044 (11352,
819 3980 977 4044 estilota),
1004 3981 1055 4034 157
1082 3980 1154 4045 (355,
1181 3993 1215 4030 ex
1235 3976 1377 4031 'Odoooe-i'

196 4065 363 4132 ὑοατνσνττ);
384 4068 434 4118 159
454 4067 507 4132 ria,
527 4084 558 4118 cx
578 4067 729 4134 Olynthia),
750 4067 860 4118 Timocl.
881 4066 915 4118 fr.
931 4069 963 4120 10
983 4068 1092 4133 (11456,
1115 4084 1149 4118 ex
1167 4062 1373 4133 ’satornana

197 4155 228 4206 18
248 4157 319 4221 (ltili,
348 4173 361 4206 c
386 4159 538 4222 lineatae),
567 4157 600 4208 19
625 4157 680 4222 (ih,
706 4173 719 4207 c
742 4153 890 4226 Κενταύρῳ
907 4156 923 4225 ἦ
953 4157 1113 4227 Δεξαμενῷ]
1151 4156 1264 4225 [Dromo
1287 4165 1373 4224 poeta

196 4245 310 4296 comicus
330 4244 390 4308 (Kc.
413 4245 435 4296 ll
456 4246 517 4309 lta)
537 4247 622 4296 solum
643 4254 753 4310 propter
779 4244 934 4313 Tithymalli
962 4247 1244 4297 commemorationem
1263 4244 1373 4298 mediae

196 4332 349 4385 comoediae
362 4343 527 4399 accensetur,
542 4350 564 4384 v.
576 4335 658 4385 llein.
672 4335 698 4386 h.
713 4351 748 4385 cr.
763 4335 839 4402 ellel:
860 4342 939 4401 atque
955 4337 1088 4390 Καυνίους
1101 4332 1221 4386 fabulam
1232 4330 1372 4399 Timoclis,

195 4438 254 4472 cuni
278 4423 396 4473 versibus
425 4425 440 4473 l
461 4439 497 4488 sq.
526 4424 596 4473 illius
619 4422 762 4488 fragmenti
786 4421 845 4489 (οὐκ
868 4420 1080 4496 ἀπεκαρτέρησε
1094 4423 1148 4492 γὰρ
1164 4423 1167 4490 l
1184 4419 1297 4483 ἐκεῖνος,
1314 4420 1373 4475 ἀλλ’
