3136 5024
695 290 888 344 -128-

200 466 235 530 h.
260 487 301 531 cr.
328 467 408 548 3293
438 467 499 532 Ko.
525 467 553 530 ll
577 467 619 530 27
643 467 715 553 sq.),
752 465 840 551 quod
863 447 984 532 nomen
1008 488 1213 552 quamquam
1236 469 1381 536 Athenis

202 582 303 647 etiam
328 582 449 647 civium
480 583 640 648 uxoribus
671 604 744 648 esse
769 583 966 671 solebat,³³⁶)
990 586 1105 649 tamen
1134 584 1198 650 hoc
1221 584 1256 650 in
1279 585 1380 651 titulo

202 698 381 762 meretricis
397 697 501 763 fuisse
518 697 623 763 oredo.
652 698 763 763 Aliam
779 698 912 783 quidem
928 700 1133 765 meretricem
1149 701 1379 782 cognominem

201 833 269 877 non
291 813 385 878 novi:
416 814 451 878 in
476 813 647 879 comoedia
665 813 825 879 Plautina
843 815 1007 880 habemus
1025 815 1281 880 Archestratam
1300 818 1380 881 nut-

201 928 300 993 ricem
336 929 483 994 Planesii
518 930 609 995 Cure.
647 931 711 994 643
748 930 798 1016 (cf.
836 930 986 996 Schmidt
1019 931 1040 998 l.
1065 930 1086 996 l.
1121 952 1151 1017 p.
1181 933 1265 1020 177).
1315 931 1379 997 Sed

202 1045 388 1109 meretrices
411 1045 574 1110 similibus
591 1046 782 1111 nominibus
798 1068 855 1132 per
871 1069 1003 1133 -στρατη
1020 1046 1172 1112 formatis
1189 1047 1380 1134 appellatae

200 1179 267 1224 non
292 1159 427 1225 desunt:
455 1161 670 1246 Καλλιστράτη
695 1163 816 1227 Athen.
834 1162 865 1227 V
881 1164 946 1228 220
959 1162 987 1245 f;
1012 1157 1211 1247 Νικοστρίτη
1235 1162 1378 1228 Arched.

200 1273 239 1340 rr.
267 1279 282 1340 1
317 1275 387 1361 (uo.
413 1277 457 1340 ur
480 1278 545 1341 are
568 1308 612 1334 Ξ
634 1278 756 1343 Athen.
780 1278 826 1342 ru
855 1280 920 1343 rer
944 1279 984 1365 a),
1014 1259 1222 1354 ν’ναοσααας
1253 1266 1377 1343 aaran.

200 1390 272 1455 XIII
296 1393 362 1456 586
385 1392 423 1473 5;
455 1387 660 1479 Φανοστραίτη
691 1393 783 1458 Dem.
808 1392 900 1457 XXII
923 1395 986 1476 563
1017 1393 1138 1458 Athen.
1162 1393 1239 1458 XIII
1262 1394 1329 1459 585
1352 1392 1379 1460 f.

200 1508 265 1589 586
290 1529 310 1572 a
342 1506 579 1596 [Phanostrata
602 1531 686 1574 uxor
708 1509 817 1575 Plaut.
844 1510 922 1575 cist.
939 1507 983 1598 ?];
1015 1509 1055 1574 cf.
1080 1507 1248 1595 Στρατόλα
1271 1509 1325 1574 Or.
1351 1532 1378 1576 c.

200 1621 316 1688 Neaer.
342 1622 362 1710 ξ
381 1625 421 1688 19
439 1624 481 1709 (v.
499 1646 600 1710 supra
612 1647 642 1710 p.
663 1627 752 1712 120);
776 1625 970 1710 Στρατονίκη
986 1626 1108 1691 Athen.
1125 1625 1200 1690 XIII
1216 1626 1282 1690 576
1295 1624 1381 1709 1333)

201 1736 366 1820 Exiguum
401 1739 483 1804 illud
517 1739 605 1824 quod
639 1744 747 1805 restat
784 1740 1008 1823 fragmentum
1048 1739 1102 1826 (43
1137 1741 1210 1829 Kc.)
1250 1741 1299 1807 nil
1338 1741 1381 1807 de

201 1854 371 1920 comoedia
395 1854 499 1920 docet.

417 2054 663 2142 Antiphanis
692 2059 732 2125 et
759 2055 941 2125 AlexidIs
971 2056 1152 2143 Λαμπάς.

306 2226 416 2292 Etiam
432 2226 569 2292 titulum
585 2227 740 2312 Lampas
766 2248 830 2312 quo
847 2227 1025 2313 inscriptae
1042 2228 1225 2293 exstabant
1238 2228 1382 2296 fabulae

198 2342 400 2428 Antiphanis
426 2346 459 2407 et
482 2341 631 2407 Alexidis
656 2342 764 2429 (Mein.
789 2344 821 2408 h.
848 2365 889 2408 cr.
916 2345 989 2409 313.
1014 2345 1095 2426 4003
1119 2343 1180 2409 Ko.
1205 2343 1234 2408 Η
1259 2347 1301 2410 67
1329 2369 1378 2433 sq.

199 2458 284 2544 340),
309 2479 366 2544 pro
391 2458 571 2522 meretricis
595 2458 728 2523 nomine
752 2458 935 2538 habuerim,
961 2458 1000 2524 de
1022 2480 1086 2545 quo
1104 2458 1144 2525 cf.
1161 2459 1284 2525 Athen.
1302 2460 1382 2527 XIII

199 2573 263 2637 583
277 2595 294 2637 e
318 2576 352 2638 et
367 2573 504 2639 Bechtel
519 2574 571 2638 rr.
588 2596 619 2659 p.
640 2575 713 2656 122,
732 2575 789 2658 qui
805 2577 882 2660 apte
904 2596 970 2639 uno
987 2574 1058 2639 loco
1075 2574 1212 2640 nomina
1228 2577 1382 2660 Θρυαλλίς

201 2687 336 2773 Λαμπάς
360 2689 471 2755 Φανίαν
495 2689 616 2774 posuit.
1190 2724 1194 2729 ·

544 2893 791 2981 AntIphanIs
821 2893 1034 2981 Mothana.

304 3065 397 3131 Certe
422 3088 442 3130 a
466 3067 636 3130 meretrice
660 3065 801 3130 indicem
830 3066 957 3151 aceepit
980 3065 1182 3151 Antiphanis
1206 3064 1381 3132 Malthace

198 3180 308 3264 (Mein.
334 3181 365 3246 h.
391 3203 432 3246 cr.
459 3182 523 3246 328
548 3202 612 3265 sq.;
637 3180 697 3246 Ko.
723 3182 752 3245 ll
777 3184 815 3246 II
842 3181 917 3268 sq.);
947 3181 982 3245 iu
1006 3181 1103 3246 unico
1127 3179 1193 3263 illo,
1218 3181 1309 3266 quod
1334 3181 1380 3248 ad

196 3354 409 3362 ———

196 3450 322 3517 innotuit,
343 3449 389 3502 sed
403 3449 436 3504 ci,
451 3449 640 3502 Fici-Becher
654 3466 679 3517 p.
692 3450 725 3503 73
738 3448 944 3519 (Ἀρχίστρατος
957 3447 1145 3502 deducendum
1158 3464 1192 3501 cx
1204 3446 1377 3518 Ἀρχιστᾶς).

196 3539 341 3590 Praeterea
360 3539 409 3590 hoc
428 3554 522 3590 nomen
543 3541 707 3591 contrarium
728 3546 768 3590 est
788 3539 889 3590 nomini
909 3535 1096 3607 Λνσιστράιη;
1116 3544 1206 3590 tamen
1226 3539 1319 3592 nescio
1340 3555 1376 3592 an

197 3644 250 3680 nou
270 3629 391 3679 conicere
412 3629 492 3679 liccat
511 3634 618 3694 poetam
638 3630 727 3694 quarti
746 3629 846 3680 sacculi
866 3626 1029 3679 comoediam
1048 3627 1185 3694 scripsisse
1204 3626 1379 3694 Lysistratae

197 3716 413 3782 Aristophancac
433 3718 546 3768 slmilcm
566 3719 607 3768 vel
627 3718 715 3783 potius
735 3717 850 3783 quodam
870 3716 949 3768 modo
968 3717 1127 3783 oppositam.

304 3804 348 3870 333)
373 3805 592 3869 Quattuordccim
618 3805 690 3872 apud
716 3805 825 3861 Kirchn.
846 3805 857 3856 l
878 3805 928 3857 161
949 3821 987 3872 sq.
1008 3804 1112 3872 114493
1139 3802 1172 3857 cf.
1192 3803 1306 3857 Bechtel
1328 3805 1375 3858 Fr.

196 3911 220 3961 p.
241 3895 273 3961 83
292 3894 414 3946 Schmidt
433 3896 449 3946 l.
464 3895 480 3946 l.
501 3912 525 3960 p.
541 3894 600 3948 177.
707 3898 710 3904 ’

303 3982 348 4049 333)
368 3982 449 4050 Apud
469 3984 582 4035 comicos
602 3983 736 4035 Romanos
750 3981 906 4034 mulieribus
927 3983 1025 4034 slmilia
1046 3982 1155 4036 nomina
1167 3988 1243 4035 sunt:
1265 3981 1377 4036 Phano-

196 4079 280 4125 strata
299 4073 386 4124 Plaut.
408 4072 504 4138 Oist.?;
524 4072 675 4124 Cleostrata
695 4071 767 4137 Θείας
787 4071 959 4124 Nausistrata
978 4072 1039 4123 Ter.
1059 4071 1165 4126 Phorm.
1188 4069 1234 4136 (cf.
1255 4069 1373 4124 Philam.

195 4160 229 4217 ir.
249 4162 292 4227 66,
317 4161 367 4213 Ko.
389 4162 414 4213 ll
433 4161 494 4226 495,
520 4161 566 4212 ubi
593 4159 667 4212 Suid.
687 4176 705 4211 s.
731 4157 871 4229 Ἀθηναία
898 4167 924 4211 et
947 4160 1024 4212 Phot.
1052 4159 1198 4212 Reitzenst.
1224 4176 1251 4227 p.
1272 4160 1317 4227 40,
1338 4160 1376 4214 20

195 4247 410 4317 Λνσιστράτας);
430 4250 551 4302 Sostrata
570 4249 630 4301 Ter.
652 4249 757 4314 Heaut,
777 4249 856 4315 Ilec.,·
871 4248 922 4300 Ad.
943 4248 982 4301 Cf.
1003 4251 1085 4302 Arist.
1105 4248 1175 4301 Nub.
1195 4248 1262 4314 6783
1288 4246 1374 4317 Vesp-

196 4339 264 4392 1397
284 4338 318 4406 (v.
329 4356 354 4405 p.
366 4340 425 4405 75);
445 4339 552 4392 Thesm.
571 4338 638 4404 3743
657 4338 763 4390 Eccles.
780 4339 822 4390 41.
844 4337 948 4403 Steiger
967 4338 1037 4392 Disa.
1056 4354 1083 4404 p.
1101 4339 1119 4392 5
1135 4352 1173 4403 sq.
1194 4367 1228 4377 ·-
1247 4335 1376 4409 Theoph.

196 4427 259 4480 Sim.
280 4443 320 4493 cp.
342 4429 376 4481 55
395 4431 432 4495 (p.
453 4428 505 4481 780
524 4427 643 4493 Herch.).
