3136 5024
677 291 724 372 '-.
759 301 810 379 127
848 331 881 340 --

196 478 395 567 reamque)
418 479 533 564 Neque
551 483 660 544 cetera
676 478 851 544 Protesilai
875 477 1064 561 fragmenta
1087 500 1154 544 non
1171 458 1369 561 congruunt:

196 596 231 660 in
261 595 301 659 fr.
331 596 376 660 40
410 594 621 660 Callistratus
652 597 687 659 et
716 593 912 679 Melanopus
943 596 1169 658 memorantur
1199 594 1252 658 hic
1282 593 1370 658 illius

196 710 360 791 adulator,
384 709 492 796 quode
517 710 667 775 conferas
691 710 800 792 Bergk
823 709 891 775 rell.
913 731 944 794 p.
968 711 1044 790 405,
1068 710 1167 774 Mein.
1192 714 1226 774 et
1249 709 1310 775 Ko.
1328 708 1371 774 ad

196 826 246 909 fr,
278 826 412 891 Kirchn.
445 849 471 891 s
503 848 551 890 nr.
584 827 681 890 9788.
734 823 962 890 Callistratum
996 825 1063 889 iarn
1099 847 1129 890 a.
1166 826 1265 908 392s1
1302 846 1371 889 rern

196 942 365 1028 publicam
382 941 601 1027 capessivisse
622 958 727 1026 nuper
742 962 759 1006 e
776 940 907 1026 Didym.
926 962 1042 1005 comm.
1059 941 1093 1005 in
1110 941 1200 1006 Dem.
1218 940 1277 1007 col.
1297 941 1371 1022 7,ἳὸ

193 1043 384 1122 didicimus.
402 1097 445 1103 -
462 1056 547 1139 Ergo
573 1074 648 1121 cum
671 1056 753 1121 Pero
778 1078 799 1120 a
823 1056 1033 1141 Theopompo
1057 1056 1247 1121 nominetur
1271 1060 1305 1121 et
1328 1056 1371 1120 ab

198 1171 435 1237 Anaxandride
451 1173 487 1236 in
502 1171 672 1237 comoedia
695 1172 809 1257 primis
826 1172 897 1236 eius
921 1172 1125 1257 temporibus
1146 1171 1370 1253 attribuenda,

198 1309 265 1353 non
296 1291 412 1353 contra
442 1272 582 1373 speciem
607 1287 761 1352 veritatis
791 1309 853 1352 nos
883 1291 964 1372 puto
995 1307 1139 1372 peccare,
1165 1309 1240 1352 cum
1270 1288 1370 1352 etiam

200 1403 408 1488 Antiphanis
426 1406 571 1468 Anteam
594 1401 743 1468 eiusdem
773 1402 841 1467 fere
866 1403 1023 1488 temporis
1046 1402 1151 1467 fuisse
1176 1401 1313 1468 dicimus
1338 1407 1372 1467 et

199 1518 243 1584 ad
265 1505 470 1584 meretricem
494 1519 704 1604 pertinuisse.

287 1637 333 1699 At
355 1635 438 1700 haec
462 1635 651 1700 coniectura
674 1630 785 1699 nonne
802 1634 933 1715 corruit,
959 1655 1033 1698 cum
1049 1637 1243 1719 reputamus
1259 1633 1371 1698 Alexi-

198 1747 273 1815 dem
296 1751 397 1816 istam
420 1750 622 1835 Antiphanis
646 1748 848 1815 comoediam
872 1753 1070 1814 renovatam
1093 1749 1128 1813 in
1152 1771 1250 1814 suum
1274 1771 1372 1815 usum

198 1867 364 1930 vertisse?
388 1865 474 1930 Nam
487 1866 549 1930 hoc
561 1866 738 1931 memoriae
751 1863 894 1951 prodidit
906 1865 1027 1930 Athen.
1041 1865 1084 1928 Ill
1099 1865 1190 1929 1th
1204 1865 1372 1930 nonnullis

198 1983 328 2046 Anteae
344 1981 577 2066 Antiphaneae
598 1981 751 2046 versibus
776 1981 888 2045 allatis
912 1980 995 2045 haec
1019 1978 1163 2045 addens:
1187 1975 1223 2046 τὸ
1247 1977 1269 2046 δ’
1298 1975 1371 2046 αὐτὸ

198 2095 288 2161 τοῦτο
312 2099 416 2182 δρᾶμα
432 2098 555 2182 φέρεται
577 2093 630 2161 καὶ
647 2089 686 2172 ὡς
702 2095 857 2174 Ἀλέξιδος
880 2097 909 2160 ἐν
932 2093 1042 2179 ὀλίγοις
1058 2092 1174 2180 σφόδρα
1190 2095 1372 2162 διαλλάττον

199 2211 252 2294 (cf.
278 2211 376 2276 Mein.
400 2212 433 2276 h.
450 2233 493 2276 cr.
514 2213 579 2275 322
596 2233 644 2296 sq.
663 2212 743 2294 3933
766 2211 828 2276 Ko.
849 2212 877 2275 ll
901 2211 991 2298 301):
1016 2210 1130 2276 Alexis
1156 2215 1242 2276 certe
1267 2211 1371 2276 multo

199 2328 306 2392 minor
335 2330 419 2392 natu
449 2326 515 2392 luit
544 2326 602 2392 illa
632 2327 811 2391 meretrice.
863 2328 909 2391 At
936 2302 1053 2393 tamen
1082 2326 1238 2391 existimo
1270 2327 1371 2392 etiam

200 2443 348 2508 Alexidis
372 2441 576 2508 comoediam
600 2441 643 2507 ad
666 2442 870 2507 meretricem
900 2442 1049 2527 potuisse
1081 2446 1245 2528 spectare:
1280 2442 1372 2529 ipsae

200 2546 277 2623 illae
317 2558 536 2640 mutationeS,
573 2579 658 2643 quae
693 2557 728 2621 in
763 2558 978 2643 Antiphanea
1012 2557 1131 2623 fabula
1166 2560 1373 2631 necessariae

199 2671 398 2738 videbantur
413 2673 619 2754 retractanti,
645 2671 688 2737 ad
709 2694 766 2737 eas
782 2694 834 2737 res
851 2671 1006 2737 videlicet
1021 2674 1262 2758 pertinuerunt,
1288 2696 1372 2759 quas

200 2788 271 2852 eius
295 2789 418 2854 aetatis
440 2791 644 2874 spectatores
661 2787 850 2870 intellegere
866 2809 933 2853 non
950 2792 1097 2874 possent.
1129 2789 1281 2854 Ceterum
1298 2811 1372 2855 con-

201 2907 399 2968 sentaneum
430 2908 482 2968 est
512 2906 629 2989 poetas
662 2902 764 2967 etiam
787 2904 821 2967 in
846 2904 886 2968 iis
911 2902 1098 2986 comoediiS,
1123 2926 1207 2990 quas
1232 2927 1253 2969 a
1276 2907 1373 2970 certis

200 3019 426 3085 meretricibus
451 3018 723 3100 denominabant,
749 3019 882 3104 saepius
907 3041 987 3084 suas
1017 3019 1190 3105 primarias
1214 3041 1373 3106 personas

200 3133 325 3199 talibus
350 3134 513 3200 coloribus
538 3133 737 3220 depinxisse,
763 3134 878 3220 quales
904 3133 946 3199 ad
963 3134 1147 3220 quamlibet
1167 3135 1268 3201 aliam
1285 3137 1373 3201 eius-

201 3249 274 3314 dem
299 3251 427 3332 generis
451 3249 622 3314 mulierem
646 3249 872 3333 effingendam
896 3253 1052 3335 poterant
1076 3237 1234 3315 adhiberi.

502 3470 748 3558 Antiphanis
774 3469 1059 3557 Ἀρχιστροίτη.

290 3633 513 3697 Transeamus
538 3632 581 3697 ad
605 3637 732 3725 ceteras
756 3632 958 3718 Antiphanis
992 3631 1189 3713 comoedias,
1213 3654 1298 3717 quas
1321 3633 1375 3696 hic

201 3746 352 3812 collocari
375 3769 510 3814 necesse
535 3752 596 3813 est.
632 3750 742 3832 Atque
766 3748 872 3834 prima
896 3747 941 3812 sit
960 3745 1237 3835 ’Appapeassssq
1264 3745 1372 3832 (Mein.

309 3995 353 4063 ³³⁴)
373 3997 413 4049 De
433 3997 628 4049 Anaxandride
657 3997 691 4050 cf.
714 3998 796 4052 Mein.
820 3997 845 4048 h.
867 4014 904 4050 cr.
927 3997 978 4050 367
999 4013 1068 4063 sqq.;
1097 3997 1195 4048 Kaibel
1215 3995 1287 4062 apud
1306 3994 1374 4046 PW

201 4085 310 4152 120783
336 4085 437 4138 Koerte
459 4086 510 4138 Rh.
531 4087 599 4138 Mus.
619 4086 667 4137 LX
687 4086 780 4153 (1905)
800 4086 851 4139 425
871 4102 942 4152 sqq,
968 4085 1051 4137 Wilh.
1071 4085 1139 4137 Urk.
1158 4102 1183 4151 p.
1198 4084 1250 4137 200
1264 4100 1319 4151 sqq.
1339 4113 1374 4123 -

133 4226 141 4246 ‚
202 4173 488 4241 cleopatricas.

309 4262 354 4327 ³³⁶)
374 4262 516 4315 Traditum
535 4271 575 4315 est
592 4260 776 4333 Ἀρχισιράιη
796 4263 906 4330 (Athen.
927 4263 978 4315 Vll
997 4263 1048 4315 322
1066 4278 1128 4315 c:
1141 4261 1174 4314 fr.
1189 4262 1223 4314 43
1236 4261 1298 4326 Kc.)
1311 4266 1374 4326 (non

200 4349 410 4422 Ἀρχεστράτῃ),
429 4352 501 4418 quod
519 4352 659 4404 Kaibelius
679 4352 752 4404 etin
773 4358 851 4404 textu
870 4358 897 4404 et
915 4353 942 4404 in
963 4350 1051 4404 indice
1071 4352 1191 4417 retinuit,
1212 4366 1272 4401 curn
1292 4349 1374 4401 ceteri

202 4439 398 4508 Casaubonum,
425 4442 471 4508 qui
487 4437 675 4511 Ἀρχεστράτῃ
696 4441 810 4508 scripsit,
836 4446 1019 4507 sequerentur.
1058 4440 1126 4492 Mihi
1145 4440 1192 4492 illa
1214 4437 1301 4492 forma
1320 4454 1373 4491 non
