<?xml version="1.0" encoding="UTF-8"?>
<!DOCTYPE html PUBLIC "-//W3C//DTD XHTML 1.0 Transitional//EN"
    "http://www.w3.org/TR/xhtml1/DTD/xhtml1-transitional.dtd">
<html xmlns="http://www.w3.org/1999/xhtml" xml:lang="en" lang="en">
 <head>
  <title>
</title>
<meta http-equiv="Content-Type" content="text/html;charset=utf-8" />
  <meta name='ocr-system' content='tesseract 3.04.00' />
  <meta name='ocr-capabilities' content='ocr_page ocr_carea ocr_par ocr_line ocrx_word'/>
</head>
<body>
  <div class='ocr_page' id='page_1' title='image "./degenerequodamt00breigoog_0032.png"; bbox 0 0 3136 5024; ppageno 0'>
   <div class='ocr_carea' id='block_1_1' title="bbox 754 246 931 297">
    <p class='ocr_par' dir='ltr' id='par_1_1' title="bbox 754 246 931 297">
     <span class='ocr_line' id='line_1_1' title="bbox 754 246 931 297; baseline 0 -15"><span class='ocrx_word' id='word_1_1' title='bbox 754 246 931 297; x_wconf 37' lang='lat'>„252</span> 
     </span>
    </p>
   </div>
   <div class='ocr_carea' id='block_1_2' title="bbox 253 410 1437 621">
    <p class='ocr_par' dir='ltr' id='par_1_2' title="bbox 253 410 1437 621">
     <span class='ocr_line' id='line_1_2' title="bbox 253 410 1436 506; baseline 0.003 -23"><span class='ocrx_word' id='word_1_2' title='bbox 253 410 429 506; x_wconf 87' lang='lat' dir='ltr'>praecipue</span> <span class='ocrx_word' id='word_1_3' title='bbox 454 419 554 484; x_wconf 88' lang='lat' dir='ltr'>velim</span> <span class='ocrx_word' id='word_1_4' title='bbox 576 419 732 505; x_wconf 79' lang='lat' dir='ltr'>respicias</span> <span class='ocrx_word' id='word_1_5' title='bbox 756 419 911 505; x_wconf 86' lang='lat' dir='ltr'>Harpocr.</span> <span class='ocrx_word' id='word_1_6' title='bbox 929 443 955 484; x_wconf 78' lang='lat' dir='ltr'>s</span> <span class='ocrx_word' id='word_1_7' title='bbox 978 442 1009 484; x_wconf 93' lang='lat' dir='ltr'>v.</span> <span class='ocrx_word' id='word_1_8' title='bbox 1027 420 1185 503; x_wconf 74' lang='grc' dir='ltr'>Κινησίας,</span> <span class='ocrx_word' id='word_1_9' title='bbox 1209 421 1265 506; x_wconf 82' lang='lat' dir='ltr'>qui</span> <span class='ocrx_word' id='word_1_10' title='bbox 1289 441 1436 487; x_wconf 91' lang='lat' dir='ltr'>comme-</span> 
     </span>
     <span class='ocr_line' id='line_1_3' title="bbox 258 529 1437 621; baseline 0.002 -21"><span class='ocrx_word' id='word_1_11' title='bbox 258 537 394 600; x_wconf 89' lang='lat' dir='ltr'>moratis</span> <span class='ocrx_word' id='word_1_12' title='bbox 410 535 531 621; x_wconf 83' lang='lat' dir='ltr'>Lysiae</span> <span class='ocrx_word' id='word_1_13' title='bbox 555 537 590 599; x_wconf 91' lang='lat' dir='ltr'>in</span> <span class='ocrx_word' id='word_1_14' title='bbox 607 534 748 600; x_wconf 88' lang='lat' dir='ltr'>eundem</span> <span class='ocrx_word' id='word_1_15' title='bbox 764 535 970 600; x_wconf 89' lang='lat' dir='ltr'>orationibus</span> <span class='ocrx_word' id='word_1_16' title='bbox 987 535 1034 600; x_wconf 91' lang='lat' dir='ltr'>sic</span> <span class='ocrx_word' id='word_1_17' title='bbox 1052 536 1172 621; x_wconf 83' lang='lat' dir='ltr'>pergit:</span> <span class='ocrx_word' id='word_1_18' title='bbox 1197 533 1244 619; x_wconf 85' lang='grc' dir='ltr'>είη</span> <span class='ocrx_word' id='word_1_19' title='bbox 1261 533 1283 600; x_wconf 90' lang='grc' dir='ltr'>δ’</span> <span class='ocrx_word' id='word_1_20' title='bbox 1290 533 1329 601; x_wconf 81' lang='grc' dir='ltr'>σίν</span> <span class='ocrx_word' id='word_1_21' title='bbox 1346 529 1437 613; x_wconf 76' lang='grc' dir='ltr'>οὗτος</span> 
     </span>
    </p>
   </div>
   <div class='ocr_carea' id='block_1_3' title="bbox 257 641 1437 737">
    <p class='ocr_par' dir='ltr' id='par_1_3' title="bbox 257 641 1437 737">
     <span class='ocr_line' id='line_1_4' title="bbox 257 641 1437 737; baseline 0.002 -22"><span class='ocrx_word' id='word_1_22' title='bbox 257 644 552 736; x_wconf 60' lang='grc' dir='ltr'>όδιδνραμβοποιός,</span> <span class='ocrx_word' id='word_1_23' title='bbox 569 641 602 717; x_wconf 81' lang='grc' dir='ltr'>οὗ</span> <span class='ocrx_word' id='word_1_24' title='bbox 618 654 787 735; x_wconf 83' lang='grc' dir='ltr'>μέμνηνται</span> <span class='ocrx_word' id='word_1_25' title='bbox 803 649 949 726; x_wconf 82' lang='grc' dir='ltr'>πολλάκις</span> <span class='ocrx_word' id='word_1_26' title='bbox 972 650 1000 715; x_wconf 90' lang='grc' dir='ltr'>οί</span> <span class='ocrx_word' id='word_1_27' title='bbox 1022 649 1152 735; x_wconf 79' lang='grc' dir='ltr'>κωμικοί</span> <span class='ocrx_word' id='word_1_28' title='bbox 1172 650 1227 715; x_wconf 86' lang='grc' dir='ltr'>καί</span> <span class='ocrx_word' id='word_1_29' title='bbox 1242 651 1437 737; x_wconf 79' lang='grc' dir='ltr'>Στράττις</span> 
     </span>
    </p>
   </div>
   <div class='ocr_carea' id='block_1_4' title="bbox 172 762 1442 4088">
    <p class='ocr_par' dir='ltr' id='par_1_4' title="bbox 256 762 1442 3394">
     <span class='ocr_line' id='line_1_5' title="bbox 256 762 1436 854; baseline -0.001 -22"><span class='ocrx_word' id='word_1_30' title='bbox 256 762 344 832; x_wconf 68' lang='grc' dir='ltr'>’όλον</span> <span class='ocrx_word' id='word_1_31' title='bbox 368 765 499 852; x_wconf 78' lang='grc' dir='ltr'>δρᾶμα</span> <span class='ocrx_word' id='word_1_32' title='bbox 523 764 689 852; x_wconf 76' lang='grc' dir='ltr'>ποιήσας</span> <span class='ocrx_word' id='word_1_33' title='bbox 718 767 774 842; x_wconf 82' lang='grc' dir='ltr'>εἰς</span> <span class='ocrx_word' id='word_1_34' title='bbox 801 764 934 847; x_wconf 81' lang='grc' dir='ltr'>αὐτόν,</span> <span class='ocrx_word' id='word_1_35' title='bbox 967 762 1058 851; x_wconf 74' lang='grc' dir='ltr'>όπερ</span> <span class='ocrx_word' id='word_1_36' title='bbox 1083 766 1285 853; x_wconf 77' lang='grc' dir='ltr'>ἐπεγράφη</span> <span class='ocrx_word' id='word_1_37' title='bbox 1311 773 1436 854; x_wconf 47' lang='grc' dir='ltr'>Κινηῑ</span> 
     </span>
     <span class='ocr_line' id='line_1_6' title="bbox 258 873 1437 969; baseline 0.002 -22"><span class='ocrx_word' id='word_1_38' title='bbox 258 883 345 959; x_wconf 87' lang='grc' dir='ltr'>σίας</span> <span class='ocrx_word' id='word_1_39' title='bbox 373 882 426 968; x_wconf 90' lang='lat'>(=</span> <span class='ocrx_word' id='word_1_40' title='bbox 450 882 488 947; x_wconf 91' lang='lat' dir='ltr'>fr.</span> <span class='ocrx_word' id='word_1_41' title='bbox 509 885 549 947; x_wconf 85' lang='grc'>19</span> <span class='ocrx_word' id='word_1_42' title='bbox 573 882 663 969; x_wconf 87' lang='grc' dir='ltr'>Κο.);</span> <span class='ocrx_word' id='word_1_43' title='bbox 694 881 811 947; x_wconf 89' lang='lat' dir='ltr'>deinde</span> <span class='ocrx_word' id='word_1_44' title='bbox 844 883 965 946; x_wconf 82' lang='lat' dir='ltr'>Athen.</span> <span class='ocrx_word' id='word_1_45' title='bbox 988 882 1048 946; x_wconf 89' lang='lat' dir='ltr'>XII</span> <span class='ocrx_word' id='word_1_46' title='bbox 1078 882 1178 947; x_wconf 71' lang='lat' dir='ltr'>nord</span> <span class='ocrx_word' id='word_1_47' title='bbox 1206 873 1245 969; x_wconf 74' lang='grc' dir='ltr'>ἦν</span> <span class='ocrx_word' id='word_1_48' title='bbox 1276 883 1308 948; x_wconf 84' lang='grc' dir='ltr'>δὲ</span> <span class='ocrx_word' id='word_1_49' title='bbox 1337 880 1437 960; x_wconf 82' lang='grc' dir='ltr'>όντως</span> 
     </span>
     <span class='ocr_line' id='line_1_7' title="bbox 258 993 1442 1084; baseline 0.001 -21"><span class='ocrx_word' id='word_1_50' title='bbox 258 997 454 1084; x_wconf 78' lang='grc' dir='ltr'>μακρότατος</span> <span class='ocrx_word' id='word_1_51' title='bbox 476 997 530 1063; x_wconf 88' lang='grc' dir='ltr'>καί</span> <span class='ocrx_word' id='word_1_52' title='bbox 544 997 736 1074; x_wconf 78' lang='grc' dir='ltr'>λεπτότατος</span> <span class='ocrx_word' id='word_1_53' title='bbox 755 997 769 1063; x_wconf 83' lang='grc' dir='ltr'>ό</span> <span class='ocrx_word' id='word_1_54' title='bbox 787 999 945 1081; x_wconf 81' lang='grc' dir='ltr'>Κινησίας,</span> <span class='ocrx_word' id='word_1_55' title='bbox 962 999 1017 1074; x_wconf 85' lang='grc' dir='ltr'>είς</span> <span class='ocrx_word' id='word_1_56' title='bbox 1040 993 1078 1063; x_wconf 80' lang='grc' dir='ltr'>όν</span> <span class='ocrx_word' id='word_1_57' title='bbox 1101 997 1170 1063; x_wconf 88' lang='grc' dir='ltr'>καί</span> <span class='ocrx_word' id='word_1_58' title='bbox 1192 997 1281 1064; x_wconf 69' lang='grc' dir='ltr'>’όλον</span> <span class='ocrx_word' id='word_1_59' title='bbox 1304 997 1442 1084; x_wconf 73' lang='grc' dir='ltr'>δρᾶμα</span> 
     </span>
     <span class='ocr_line' id='line_1_8' title="bbox 257 1108 1435 1200; baseline 0 -22"><span class='ocrx_word' id='word_1_60' title='bbox 257 1116 429 1200; x_wconf 70' lang='grc' dir='ltr'>γέγραφε</span> <span class='ocrx_word' id='word_1_61' title='bbox 453 1112 659 1198; x_wconf 72' lang='grc' dir='ltr'>Στράττις</span> <span class='ocrx_word' id='word_1_62' title='bbox 682 1111 831 1198; x_wconf 69' lang='grc' dir='ltr'>Φῗλιιίτην</span> <span class='ocrx_word' id='word_1_63' title='bbox 848 1111 1000 1197; x_wconf 78' lang='grc' dir='ltr'>Ἀχιλλέα</span> <span class='ocrx_word' id='word_1_64' title='bbox 1023 1108 1114 1179; x_wconf 72' lang='grc' dir='ltr'>αὐτόν</span> <span class='ocrx_word' id='word_1_65' title='bbox 1137 1111 1248 1194; x_wconf 81' lang='grc' dir='ltr'>καλῶν,</span> <span class='ocrx_word' id='word_1_66' title='bbox 1271 1111 1320 1179; x_wconf 82' lang='grc' dir='ltr'>διὰ</span> <span class='ocrx_word' id='word_1_67' title='bbox 1344 1110 1380 1179; x_wconf 82' lang='grc' dir='ltr'>τό</span> <span class='ocrx_word' id='word_1_68' title='bbox 1404 1117 1435 1180; x_wconf 84' lang='grc' dir='ltr'>ἐν</span> 
     </span>
     <span class='ocr_line' id='line_1_9' title="bbox 258 1220 1435 1314; baseline 0.001 -22"><span class='ocrx_word' id='word_1_69' title='bbox 258 1234 298 1314; x_wconf 70' lang='grc' dir='ltr'>τῇ</span> <span class='ocrx_word' id='word_1_70' title='bbox 330 1223 424 1295; x_wconf 75' lang='grc' dir='ltr'>αὑτοῦ</span> <span class='ocrx_word' id='word_1_71' title='bbox 447 1229 564 1314; x_wconf 82' lang='grc' dir='ltr'>ποιησει</span> <span class='ocrx_word' id='word_1_72' title='bbox 587 1228 719 1314; x_wconf 80' lang='grc' dir='ltr'>σονεχῶς</span> <span class='ocrx_word' id='word_1_73' title='bbox 745 1225 780 1294; x_wconf 83' lang='grc' dir='ltr'>τό</span> <span class='ocrx_word' id='word_1_74' title='bbox 805 1228 941 1294; x_wconf 72' lang='grc' dir='ltr'>Φῖνιῶτα</span> <span class='ocrx_word' id='word_1_75' title='bbox 970 1231 1075 1312; x_wconf 82' lang='grc' dir='ltr'>λέγειν.</span> <span class='ocrx_word' id='word_1_76' title='bbox 1098 1230 1215 1306; x_wconf 82' lang='grc' dir='ltr'>παίζων</span> <span class='ocrx_word' id='word_1_77' title='bbox 1238 1220 1287 1294; x_wconf 74' lang='grc' dir='ltr'>οὖν</span> <span class='ocrx_word' id='word_1_78' title='bbox 1311 1231 1353 1306; x_wconf 84' lang='grc' dir='ltr'>είς</span> <span class='ocrx_word' id='word_1_79' title='bbox 1376 1225 1435 1314; x_wconf 70' lang='grc' dir='ltr'>τὴν</span> 
     </span>
     <span class='ocr_line' id='line_1_10' title="bbox 258 1342 1436 1431; baseline 0 -22"><span class='ocrx_word' id='word_1_80' title='bbox 258 1346 338 1411; x_wconf 83' lang='grc' dir='ltr'>ἰδέαν</span> <span class='ocrx_word' id='word_1_81' title='bbox 362 1343 454 1410; x_wconf 77' lang='grc' dir='ltr'>αὐτοῦ</span> <span class='ocrx_word' id='word_1_82' title='bbox 477 1343 536 1431; x_wconf 79' lang='grc' dir='ltr'>ἔφη</span> <span class='ocrx_word' id='word_1_83' title='bbox 560 1342 676 1410; x_wconf 54' lang='lat' dir='ltr'>‘Pirria&#39;</span> <span class='ocrx_word' id='word_1_84' title='bbox 700 1343 846 1428; x_wconf 70' lang='grc' dir='ltr'>Ἀχιλλεῦ</span> <span class='ocrx_word' id='word_1_85' title='bbox 878 1346 932 1430; x_wconf 83' lang='grc'>(--</span> <span class='ocrx_word' id='word_1_86' title='bbox 955 1344 993 1408; x_wconf 84' lang='lat' dir='ltr'>fr.</span> <span class='ocrx_word' id='word_1_87' title='bbox 1015 1347 1054 1409; x_wconf 87' lang='grc'>18</span> <span class='ocrx_word' id='word_1_88' title='bbox 1078 1345 1168 1430; x_wconf 73' lang='grc' dir='ltr'>ΚΟ),</span> <span class='ocrx_word' id='word_1_89' title='bbox 1199 1367 1306 1429; x_wconf 85' lang='lat' dir='ltr'>neque</span> <span class='ocrx_word' id='word_1_90' title='bbox 1337 1345 1436 1431; x_wconf 87' lang='lat' dir='ltr'>aiiter</span> 
     </span>
     <span class='ocr_line' id='line_1_11' title="bbox 258 1457 1434 1547; baseline -0.003 -22"><span class='ocrx_word' id='word_1_91' title='bbox 258 1461 364 1526; x_wconf 83' lang='lat' dir='ltr'>Schol.</span> <span class='ocrx_word' id='word_1_92' title='bbox 382 1462 483 1526; x_wconf 87' lang='lat' dir='ltr'>Arist.</span> <span class='ocrx_word' id='word_1_93' title='bbox 500 1461 584 1525; x_wconf 87' lang='lat' dir='ltr'>Ran.</span> <span class='ocrx_word' id='word_1_94' title='bbox 601 1462 667 1525; x_wconf 75' lang='lat'>4021</span> <span class='ocrx_word' id='word_1_95' title='bbox 691 1461 848 1544; x_wconf 78' lang='grc' dir='ltr'>Στράττις</span> <span class='ocrx_word' id='word_1_96' title='bbox 870 1462 904 1524; x_wconf 81' lang='grc' dir='ltr'>ἐν</span> <span class='ocrx_word' id='word_1_97' title='bbox 927 1465 973 1547; x_wconf 86' lang='grc' dir='ltr'>τῷ</span> <span class='ocrx_word' id='word_1_98' title='bbox 995 1460 1045 1536; x_wconf 82' lang='grc' dir='ltr'>είς</span> <span class='ocrx_word' id='word_1_99' title='bbox 1069 1457 1154 1525; x_wconf 79' lang='grc' dir='ltr'>αὐτὸ</span> <span class='ocrx_word' id='word_1_100' title='bbox 1163 1486 1178 1522; x_wconf 93' lang='grc' dir='ltr'>ν</span> <span class='ocrx_word' id='word_1_101' title='bbox 1203 1461 1258 1545; x_wconf 88' lang='lat' dir='ltr'>(sc.</span> <span class='ocrx_word' id='word_1_102' title='bbox 1276 1460 1434 1547; x_wconf 82' lang='grc' dir='ltr'>Κινησίαν)</span> 
     </span>
     <span class='ocr_line' id='line_1_12' title="bbox 258 1575 1435 1663; baseline 0.002 -24"><span class='ocrx_word' id='word_1_103' title='bbox 258 1575 431 1661; x_wconf 74' lang='grc' dir='ltr'>δράματι</span> <span class='ocrx_word' id='word_1_104' title='bbox 455 1578 509 1663; x_wconf 90' lang='lat'>(=</span> <span class='ocrx_word' id='word_1_105' title='bbox 532 1576 783 1662; x_wconf 69' lang='lat' dir='ltr'>ir.15K0.).4⁶)</span> <span class='ocrx_word' id='word_1_106' title='bbox 824 1575 988 1640; x_wconf 84' lang='lat' dir='ltr'>Concedes</span> <span class='ocrx_word' id='word_1_107' title='bbox 1012 1576 1148 1640; x_wconf 92' lang='lat' dir='ltr'>titulum</span> <span class='ocrx_word' id='word_1_108' title='bbox 1166 1576 1312 1641; x_wconf 82' lang='lat' dir='ltr'>Cinesias</span> <span class='ocrx_word' id='word_1_109' title='bbox 1337 1577 1435 1641; x_wconf 86' lang='lat' dir='ltr'>bonis</span> 
     </span>
     <span class='ocr_line' id='line_1_13' title="bbox 258 1690 1434 1776; baseline -0.001 -19"><span class='ocrx_word' id='word_1_110' title='bbox 258 1693 459 1757; x_wconf 87' lang='lat' dir='ltr'>testimoniis</span> <span class='ocrx_word' id='word_1_111' title='bbox 483 1714 549 1762; x_wconf 90' lang='lat' dir='ltr'>non</span> <span class='ocrx_word' id='word_1_112' title='bbox 574 1714 693 1756; x_wconf 88' lang='lat' dir='ltr'>carere.</span> <span class='ocrx_word' id='word_1_113' title='bbox 734 1691 798 1756; x_wconf 87' lang='lat' dir='ltr'>Sed</span> <span class='ocrx_word' id='word_1_114' title='bbox 815 1691 916 1756; x_wconf 89' lang='lat' dir='ltr'>semel</span> <span class='ocrx_word' id='word_1_115' title='bbox 937 1690 1094 1756; x_wconf 88' lang='lat' dir='ltr'>laudatur</span> <span class='ocrx_word' id='word_1_116' title='bbox 1109 1690 1266 1776; x_wconf 74' lang='grc' dir='ltr'>Στράττις</span> <span class='ocrx_word' id='word_1_117' title='bbox 1281 1694 1311 1756; x_wconf 83' lang='grc' dir='ltr'>ἐν</span> <span class='ocrx_word' id='word_1_118' title='bbox 1328 1697 1434 1758; x_wconf 90' lang='grc' dir='ltr'>Μακε-</span> 
     </span>
     <span class='ocr_line' id='line_1_14' title="bbox 257 1804 1436 1896; baseline -0.002 -22"><span class='ocrx_word' id='word_1_119' title='bbox 257 1806 336 1874; x_wconf 83' lang='grc' dir='ltr'>δόσιν</span> <span class='ocrx_word' id='word_1_120' title='bbox 365 1804 386 1892; x_wconf 65' lang='lat' dir='ltr'>d</span> <span class='ocrx_word' id='word_1_121' title='bbox 418 1807 550 1896; x_wconf 76' lang='grc' dir='ltr'>Κινησίᾳ</span> <span class='ocrx_word' id='word_1_122' title='bbox 581 1807 685 1893; x_wconf 82' lang='lat' dir='ltr'>(apud</span> <span class='ocrx_word' id='word_1_123' title='bbox 707 1808 828 1872; x_wconf 79' lang='lat' dir='ltr'>Athen.</span> <span class='ocrx_word' id='word_1_124' title='bbox 847 1807 891 1870; x_wconf 84' lang='lat' dir='ltr'>IX</span> <span class='ocrx_word' id='word_1_125' title='bbox 915 1808 1015 1872; x_wconf 76' lang='lat' dir='ltr'>auca</span> <span class='ocrx_word' id='word_1_126' title='bbox 1038 1837 1080 1864; x_wconf 71' lang='lat' dir='ltr'><strong><em>z</em></strong></span> <span class='ocrx_word' id='word_1_127' title='bbox 1111 1806 1152 1872; x_wconf 84' lang='lat' dir='ltr'>ir.</span> <span class='ocrx_word' id='word_1_128' title='bbox 1170 1809 1212 1872; x_wconf 77' lang='lat'>29</span> <span class='ocrx_word' id='word_1_129' title='bbox 1237 1807 1320 1887; x_wconf 78' lang='lat' dir='ltr'>Ka),</span> <span class='ocrx_word' id='word_1_130' title='bbox 1346 1807 1436 1892; x_wconf 93' lang='lat' dir='ltr'>quod</span> 
     </span>
     <span class='ocr_line' id='line_1_15' title="bbox 258 1922 1433 2008; baseline -0.002 -20"><span class='ocrx_word' id='word_1_131' title='bbox 258 1923 441 1988; x_wconf 86' lang='lat' dir='ltr'>Meinekius</span> <span class='ocrx_word' id='word_1_132' title='bbox 458 1925 490 1988; x_wconf 92' lang='lat' dir='ltr'>h.</span> <span class='ocrx_word' id='word_1_133' title='bbox 505 1945 547 1988; x_wconf 88' lang='lat' dir='ltr'>er.</span> <span class='ocrx_word' id='word_1_134' title='bbox 565 1925 627 1987; x_wconf 76' lang='lat'>231</span> <span class='ocrx_word' id='word_1_135' title='bbox 646 1923 771 1988; x_wconf 88' lang='lat' dir='ltr'>Kookio</span> <span class='ocrx_word' id='word_1_136' title='bbox 789 1928 949 2006; x_wconf 89' lang='lat' dir='ltr'>sequente</span> <span class='ocrx_word' id='word_1_137' title='bbox 966 1927 1000 1987; x_wconf 93' lang='lat' dir='ltr'>et</span> <span class='ocrx_word' id='word_1_138' title='bbox 1015 1922 1166 1987; x_wconf 90' lang='lat' dir='ltr'>Kaibelio</span> <span class='ocrx_word' id='word_1_139' title='bbox 1184 1922 1322 2008; x_wconf 85' lang='lat' dir='ltr'>(incdit.</span> <span class='ocrx_word' id='word_1_140' title='bbox 1341 1923 1433 2003; x_wconf 76' lang='lat' dir='ltr'>ath.)</span> 
     </span>
     <span class='ocr_line' id='line_1_16' title="bbox 258 2035 1433 2125; baseline -0.001 -21"><span class='ocrx_word' id='word_1_141' title='bbox 258 2039 404 2104; x_wconf 87' lang='lat' dir='ltr'>mutavit</span> <span class='ocrx_word' id='word_1_142' title='bbox 432 2039 467 2102; x_wconf 93' lang='lat' dir='ltr'>in</span> <span class='ocrx_word' id='word_1_143' title='bbox 491 2037 665 2105; x_wconf 85' lang='grc' dir='ltr'>Μακεδόσιν</span> <span class='ocrx_word' id='word_1_144' title='bbox 696 2035 717 2122; x_wconf 73' lang='grc' dir='ltr'>τ’)</span> <span class='ocrx_word' id='word_1_145' title='bbox 748 2038 924 2125; x_wconf 66' lang='grc' dir='ltr'>Παυσανίας</span> <span class='ocrx_word' id='word_1_146' title='bbox 956 2038 1014 2102; x_wconf 92' lang='lat' dir='ltr'>sed</span> <span class='ocrx_word' id='word_1_147' title='bbox 1046 2039 1203 2123; x_wconf 89' lang='lat' dir='ltr'>quoniam</span> <span class='ocrx_word' id='word_1_148' title='bbox 1234 2039 1287 2102; x_wconf 90' lang='lat' dir='ltr'>hic</span> <span class='ocrx_word' id='word_1_149' title='bbox 1311 2038 1433 2103; x_wconf 84' lang='lat' dir='ltr'>titulus</span> 
     </span>
     <span class='ocr_line' id='line_1_17' title="bbox 258 2153 1434 2241; baseline -0.001 -22"><span class='ocrx_word' id='word_1_150' title='bbox 258 2155 379 2241; x_wconf 78' lang='lat' dir='ltr'>duplex</span> <span class='ocrx_word' id='word_1_151' title='bbox 402 2156 472 2240; x_wconf 89' lang='lat' dir='ltr'>ipse</span> <span class='ocrx_word' id='word_1_152' title='bbox 496 2177 565 2219; x_wconf 91' lang='lat' dir='ltr'>una</span> <span class='ocrx_word' id='word_1_153' title='bbox 588 2156 707 2219; x_wconf 90' lang='lat' dir='ltr'>nititur</span> <span class='ocrx_word' id='word_1_154' title='bbox 730 2155 888 2218; x_wconf 77' lang='lat' dir='ltr'>citatione</span> <span class='ocrx_word' id='word_1_155' title='bbox 913 2153 955 2239; x_wconf 79' lang='lat' dir='ltr'>(v.</span> <span class='ocrx_word' id='word_1_156' title='bbox 974 2175 1074 2239; x_wconf 90' lang='lat' dir='ltr'>supra</span> <span class='ocrx_word' id='word_1_157' title='bbox 1097 2176 1128 2239; x_wconf 90' lang='lat' dir='ltr'>p.</span> <span class='ocrx_word' id='word_1_158' title='bbox 1146 2155 1209 2239; x_wconf 79' lang='grc'>24),</span> <span class='ocrx_word' id='word_1_159' title='bbox 1227 2153 1343 2218; x_wconf 91' lang='lat' dir='ltr'>eodem</span> <span class='ocrx_word' id='word_1_160' title='bbox 1359 2154 1434 2219; x_wconf 91' lang='lat' dir='ltr'>iure</span> 
     </span>
     <span class='ocr_line' id='line_1_18' title="bbox 258 2269 1435 2357; baseline 0.002 -25"><span class='ocrx_word' id='word_1_161' title='bbox 258 2270 422 2356; x_wconf 77' lang='lat' dir='ltr'>quispiam</span> <span class='ocrx_word' id='word_1_162' title='bbox 452 2270 517 2335; x_wconf 86' lang='lat' dir='ltr'>illie</span> <span class='ocrx_word' id='word_1_163' title='bbox 547 2269 709 2357; x_wconf 76' lang='grc' dir='ltr'>Παυσανίᾳ</span> <span class='ocrx_word' id='word_1_164' title='bbox 737 2291 754 2333; x_wconf 95' lang='lat' dir='ltr'>e</span> <span class='ocrx_word' id='word_1_165' title='bbox 784 2269 917 2356; x_wconf 79' lang='grc' dir='ltr'>Κινησίᾳ</span> <span class='ocrx_word' id='word_1_166' title='bbox 949 2273 1137 2354; x_wconf 88' lang='lat' dir='ltr'>corruptum</span> <span class='ocrx_word' id='word_1_167' title='bbox 1169 2272 1332 2350; x_wconf 77' lang='lat' dir='ltr'>autumet,</span> <span class='ocrx_word' id='word_1_168' title='bbox 1365 2290 1435 2352; x_wconf 85' lang='lat' dir='ltr'>qua</span> 
     </span>
     <span class='ocr_line' id='line_1_19' title="bbox 257 2383 1435 2469; baseline -0.001 -19"><span class='ocrx_word' id='word_1_169' title='bbox 257 2408 291 2451; x_wconf 88' lang='lat' dir='ltr'>re</span> <span class='ocrx_word' id='word_1_170' title='bbox 315 2385 491 2466; x_wconf 78' lang='lat' dir='ltr'>efficiatur,</span> <span class='ocrx_word' id='word_1_171' title='bbox 516 2390 555 2449; x_wconf 92' lang='lat' dir='ltr'>ut</span> <span class='ocrx_word' id='word_1_172' title='bbox 571 2406 686 2449; x_wconf 87' lang='lat' dir='ltr'>omnes</span> <span class='ocrx_word' id='word_1_173' title='bbox 703 2406 820 2448; x_wconf 88' lang='lat' dir='ltr'>versus</span> <span class='ocrx_word' id='word_1_174' title='bbox 837 2385 976 2469; x_wconf 85' lang='lat' dir='ltr'>simplici</span> <span class='ocrx_word' id='word_1_175' title='bbox 996 2384 1093 2450; x_wconf 87' lang='lat' dir='ltr'>titulo</span> <span class='ocrx_word' id='word_1_176' title='bbox 1112 2383 1285 2460; x_wconf 81' lang='grc' dir='ltr'>Μακεδόνες</span> <span class='ocrx_word' id='word_1_177' title='bbox 1300 2383 1435 2449; x_wconf 88' lang='lat' dir='ltr'>laudati</span> 
     </span>
     <span class='ocr_line' id='line_1_20' title="bbox 259 2496 1438 2586; baseline -0.001 -21"><span class='ocrx_word' id='word_1_178' title='bbox 259 2502 320 2565; x_wconf 88' lang='lat' dir='ltr'>sub</span> <span class='ocrx_word' id='word_1_179' title='bbox 338 2501 500 2586; x_wconf 88' lang='lat' dir='ltr'>duplicem</span> <span class='ocrx_word' id='word_1_180' title='bbox 517 2501 652 2566; x_wconf 88' lang='lat' dir='ltr'>titulum</span> <span class='ocrx_word' id='word_1_181' title='bbox 668 2498 842 2576; x_wconf 87' lang='grc' dir='ltr'>Μακεδόνες</span> <span class='ocrx_word' id='word_1_182' title='bbox 856 2496 877 2583; x_wconf 70' lang='grc' dir='ltr'>η’</span> <span class='ocrx_word' id='word_1_183' title='bbox 893 2500 1043 2583; x_wconf 89' lang='grc' dir='ltr'>Κινησίας</span> <span class='ocrx_word' id='word_1_184' title='bbox 1060 2501 1128 2565; x_wconf 87' lang='lat' dir='ltr'>sint</span> <span class='ocrx_word' id='word_1_185' title='bbox 1144 2499 1317 2582; x_wconf 84' lang='lat' dir='ltr'>colligendi</span> <span class='ocrx_word' id='word_1_186' title='bbox 1330 2503 1438 2583; x_wconf 65' lang='lat' dir='ltr'>atque,</span> 
     </span>
     <span class='ocr_line' id='line_1_21' title="bbox 259 2614 1435 2700; baseline -0.002 -19"><span class='ocrx_word' id='word_1_187' title='bbox 259 2616 446 2681; x_wconf 88' lang='lat' dir='ltr'>comoediae</span> <span class='ocrx_word' id='word_1_188' title='bbox 462 2616 649 2680; x_wconf 81' lang='lat' dir='ltr'>Pausanias</span> <span class='ocrx_word' id='word_1_189' title='bbox 666 2616 843 2700; x_wconf 79' lang='lat' dir='ltr'>inscriptae</span> <span class='ocrx_word' id='word_1_190' title='bbox 861 2637 964 2679; x_wconf 93' lang='lat' dir='ltr'>unum</span> <span class='ocrx_word' id='word_1_191' title='bbox 981 2615 1213 2680; x_wconf 90' lang='lat' dir='ltr'>tantummodo</span> <span class='ocrx_word' id='word_1_192' title='bbox 1227 2619 1330 2680; x_wconf 88' lang='lat' dir='ltr'>restet</span> <span class='ocrx_word' id='word_1_193' title='bbox 1342 2614 1435 2696; x_wconf 76' lang='lat' dir='ltr'>frag-</span> 
     </span>
     <span class='ocr_line' id='line_1_22' title="bbox 259 2730 1436 2818; baseline -0.002 -22"><span class='ocrx_word' id='word_1_194' title='bbox 259 2736 407 2796; x_wconf 88' lang='lat' dir='ltr'>mentum</span> <span class='ocrx_word' id='word_1_195' title='bbox 433 2732 476 2811; x_wconf 87' lang='lat' dir='ltr'>(v.</span> <span class='ocrx_word' id='word_1_196' title='bbox 495 2753 595 2816; x_wconf 90' lang='lat' dir='ltr'>supra</span> <span class='ocrx_word' id='word_1_197' title='bbox 618 2753 648 2816; x_wconf 89' lang='lat' dir='ltr'>p.</span> <span class='ocrx_word' id='word_1_198' title='bbox 669 2731 733 2818; x_wconf 77' lang='lat'><strong>24).</strong></span> <span class='ocrx_word' id='word_1_199' title='bbox 782 2730 846 2795; x_wconf 84' lang='lat' dir='ltr'>Sed</span> <span class='ocrx_word' id='word_1_200' title='bbox 869 2752 936 2795; x_wconf 95' lang='lat' dir='ltr'>non</span> <span class='ocrx_word' id='word_1_201' title='bbox 954 2731 1024 2795; x_wconf 83' lang='lat' dir='ltr'>sine</span> <span class='ocrx_word' id='word_1_202' title='bbox 1042 2752 1144 2795; x_wconf 79' lang='lat' dir='ltr'>causa</span> <span class='ocrx_word' id='word_1_203' title='bbox 1161 2752 1259 2795; x_wconf 92' lang='lat' dir='ltr'>suum</span> <span class='ocrx_word' id='word_1_204' title='bbox 1275 2730 1436 2794; x_wconf 90' lang='lat' dir='ltr'>iudicium</span> 
     </span>
     <span class='ocr_line' id='line_1_23' title="bbox 258 2845 1434 2931; baseline 0 -21"><span class='ocrx_word' id='word_1_205' title='bbox 258 2847 390 2911; x_wconf 87' lang='lat' dir='ltr'>videtur</span> <span class='ocrx_word' id='word_1_206' title='bbox 412 2846 530 2912; x_wconf 86' lang='lat' dir='ltr'>iecisse</span> <span class='ocrx_word' id='word_1_207' title='bbox 554 2847 738 2911; x_wconf 87' lang='lat' dir='ltr'>Meinekius</span> <span class='ocrx_word' id='word_1_208' title='bbox 755 2847 806 2910; x_wconf 86' lang='lat' dir='ltr'>vir</span> <span class='ocrx_word' id='word_1_209' title='bbox 829 2845 1032 2931; x_wconf 77' lang='lat' dir='ltr'>praeclarus3</span> <span class='ocrx_word' id='word_1_210' title='bbox 1057 2846 1198 2931; x_wconf 89' lang='lat' dir='ltr'>primum</span> <span class='ocrx_word' id='word_1_211' title='bbox 1222 2846 1288 2927; x_wconf 80' lang='lat' dir='ltr'>illa,</span> <span class='ocrx_word' id='word_1_212' title='bbox 1307 2846 1434 2931; x_wconf 74' lang='lat' dir='ltr'>opinor,</span> 
     </span>
     <span class='ocr_line' id='line_1_24' title="bbox 259 2961 1435 3047; baseline 0.001 -21"><span class='ocrx_word' id='word_1_213' title='bbox 259 2963 424 3047; x_wconf 87' lang='lat' dir='ltr'>spectavit</span> <span class='ocrx_word' id='word_1_214' title='bbox 453 2963 543 3027; x_wconf 90' lang='lat' dir='ltr'>tituli</span> <span class='ocrx_word' id='word_1_215' title='bbox 574 2961 722 3043; x_wconf 90' lang='grc' dir='ltr'>Κινησίας</span> <span class='ocrx_word' id='word_1_216' title='bbox 755 2962 948 3027; x_wconf 86' lang='lat' dir='ltr'>testimonia</span> <span class='ocrx_word' id='word_1_217' title='bbox 979 2984 1080 3047; x_wconf 87' lang='lat' dir='ltr'>supra</span> <span class='ocrx_word' id='word_1_218' title='bbox 1108 2963 1282 3046; x_wconf 84' lang='lat' dir='ltr'>exscripta,</span> <span class='ocrx_word' id='word_1_219' title='bbox 1314 2961 1435 3027; x_wconf 83' lang='lat' dir='ltr'>deinde</span> 
     </span>
     <span class='ocr_line' id='line_1_25' title="bbox 258 3076 1434 3162; baseline 0.001 -21"><span class='ocrx_word' id='word_1_220' title='bbox 258 3078 344 3142; x_wconf 89' lang='lat' dir='ltr'>inter</span> <span class='ocrx_word' id='word_1_221' title='bbox 374 3077 570 3142; x_wconf 87' lang='lat' dir='ltr'>Macedones</span> <span class='ocrx_word' id='word_1_222' title='bbox 601 3082 635 3142; x_wconf 95' lang='lat' dir='ltr'>et</span> <span class='ocrx_word' id='word_1_223' title='bbox 659 3078 863 3142; x_wconf 88' lang='lat' dir='ltr'>Pausaniam</span> <span class='ocrx_word' id='word_1_224' title='bbox 893 3078 1065 3159; x_wconf 73' lang='lat' dir='ltr'>rationem,</span> <span class='ocrx_word' id='word_1_225' title='bbox 1096 3099 1181 3162; x_wconf 88' lang='lat' dir='ltr'>quae</span> <span class='ocrx_word' id='word_1_226' title='bbox 1204 3076 1434 3158; x_wconf 71' lang='lat' dir='ltr'>intercederet,</span> 
     </span>
     <span class='ocr_line' id='line_1_26' title="bbox 258 3192 1434 3278; baseline -0.002 -20"><span class='ocrx_word' id='word_1_227' title='bbox 258 3195 367 3278; x_wconf 90' lang='lat' dir='ltr'>potuit</span> <span class='ocrx_word' id='word_1_228' title='bbox 380 3193 580 3275; x_wconf 79' lang='lat' dir='ltr'>investigare</span> <span class='ocrx_word' id='word_1_229' title='bbox 598 3194 640 3270; x_wconf 78' lang='lat' dir='ltr'>(r.</span> <span class='ocrx_word' id='word_1_230' title='bbox 655 3214 755 3278; x_wconf 88' lang='lat' dir='ltr'>supra</span> <span class='ocrx_word' id='word_1_231' title='bbox 770 3215 800 3278; x_wconf 91' lang='lat' dir='ltr'>p.</span> <span class='ocrx_word' id='word_1_232' title='bbox 815 3193 878 3274; x_wconf 75' lang='lat'>25),</span> <span class='ocrx_word' id='word_1_233' title='bbox 896 3193 983 3257; x_wconf 89' lang='lat' dir='ltr'>inter</span> <span class='ocrx_word' id='word_1_234' title='bbox 994 3192 1191 3257; x_wconf 82' lang='lat' dir='ltr'>Macedones</span> <span class='ocrx_word' id='word_1_235' title='bbox 1209 3198 1242 3257; x_wconf 89' lang='lat' dir='ltr'>ct</span> <span class='ocrx_word' id='word_1_236' title='bbox 1256 3192 1434 3264; x_wconf 76' lang='lat' dir='ltr'>Oinesiam,</span> 
     </span>
     <span class='ocr_line' id='line_1_27' title="bbox 259 3309 587 3394; baseline -0.003 -21"><span class='ocrx_word' id='word_1_237' title='bbox 259 3310 382 3394; x_wconf 88' lang='lat' dir='ltr'>opinor,</span> <span class='ocrx_word' id='word_1_238' title='bbox 407 3330 473 3372; x_wconf 95' lang='lat' dir='ltr'>non</span> <span class='ocrx_word' id='word_1_239' title='bbox 498 3309 587 3373; x_wconf 90' lang='lat' dir='ltr'>item.</span> 
     </span>
    </p>

    <p class='ocr_par' dir='ltr' id='par_1_5' title="bbox 172 3422 1435 4088">
     <span class='ocr_line' id='line_1_28' title="bbox 365 3422 1434 3509; baseline 0 -21"><span class='ocrx_word' id='word_1_240' title='bbox 365 3424 430 3488; x_wconf 87' lang='lat' dir='ltr'>Sed</span> <span class='ocrx_word' id='word_1_241' title='bbox 453 3446 520 3488; x_wconf 94' lang='lat' dir='ltr'>non</span> <span class='ocrx_word' id='word_1_242' title='bbox 538 3424 693 3509; x_wconf 90' lang='lat' dir='ltr'>probavit</span> <span class='ocrx_word' id='word_1_243' title='bbox 715 3422 807 3498; x_wconf 85' lang='lat' dir='ltr'>illam</span> <span class='ocrx_word' id='word_1_244' title='bbox 831 3423 1051 3488; x_wconf 85' lang='lat' dir='ltr'>mutationem</span> <span class='ocrx_word' id='word_1_245' title='bbox 1067 3423 1246 3508; x_wconf 86' lang='lat' dir='ltr'>Hippolyto</span> <span class='ocrx_word' id='word_1_246' title='bbox 1263 3422 1355 3486; x_wconf 89' lang='lat' dir='ltr'>Haas</span> <span class='ocrx_word' id='word_1_247' title='bbox 1372 3423 1393 3486; x_wconf 92' lang='lat' dir='ltr'>l.</span> <span class='ocrx_word' id='word_1_248' title='bbox 1413 3423 1434 3488; x_wconf 86' lang='lat' dir='ltr'>l.</span> 
     </span>
     <span class='ocr_line' id='line_1_29' title="bbox 259 3537 1435 3624; baseline -0.001 -20"><span class='ocrx_word' id='word_1_249' title='bbox 259 3542 348 3621; x_wconf 75' lang='lat'>147,</span> <span class='ocrx_word' id='word_1_250' title='bbox 373 3541 429 3624; x_wconf 83' lang='lat' dir='ltr'>qui</span> <span class='ocrx_word' id='word_1_251' title='bbox 454 3561 528 3603; x_wconf 90' lang='lat' dir='ltr'>cum</span> <span class='ocrx_word' id='word_1_252' title='bbox 553 3559 666 3604; x_wconf 88' lang='lat' dir='ltr'>omnes</span> <span class='ocrx_word' id='word_1_253' title='bbox 694 3538 816 3603; x_wconf 85' lang='lat' dir='ltr'>veteris</span> <span class='ocrx_word' id='word_1_254' title='bbox 848 3538 1035 3603; x_wconf 88' lang='lat' dir='ltr'>comoediae</span> <span class='ocrx_word' id='word_1_255' title='bbox 1067 3538 1192 3618; x_wconf 64' lang='lat' dir='ltr'>titulos</span> <span class='ocrx_word' id='word_1_256' title='bbox 1227 3537 1283 3623; x_wconf 91' lang='lat' dir='ltr'>qui</span> <span class='ocrx_word' id='word_1_257' title='bbox 1313 3559 1381 3601; x_wconf 92' lang='lat' dir='ltr'>non</span> <span class='ocrx_word' id='word_1_258' title='bbox 1414 3561 1435 3603; x_wconf 85' lang='lat' dir='ltr'>a</span> 
     </span>
     <span class='ocr_line' id='line_1_30' title="bbox 259 3652 1435 3740; baseline -0.002 -20"><span class='ocrx_word' id='word_1_259' title='bbox 259 3656 356 3720; x_wconf 90' lang='lat' dir='ltr'>choro</span> <span class='ocrx_word' id='word_1_260' title='bbox 388 3655 512 3740; x_wconf 84' lang='lat' dir='ltr'>sumpti</span> <span class='ocrx_word' id='word_1_261' title='bbox 543 3659 631 3736; x_wconf 80' lang='lat' dir='ltr'>sunt,</span> <span class='ocrx_word' id='word_1_262' title='bbox 665 3658 836 3739; x_wconf 87' lang='lat' dir='ltr'>suspectos</span> <span class='ocrx_word' id='word_1_263' title='bbox 868 3654 1002 3733; x_wconf 79' lang='lat' dir='ltr'>habea-t,</span> <span class='ocrx_word' id='word_1_264' title='bbox 1035 3657 1069 3718; x_wconf 91' lang='lat' dir='ltr'>et</span> <span class='ocrx_word' id='word_1_265' title='bbox 1091 3653 1146 3718; x_wconf 88' lang='lat' dir='ltr'>illo</span> <span class='ocrx_word' id='word_1_266' title='bbox 1171 3653 1336 3717; x_wconf 89' lang='lat' dir='ltr'>Athenaei</span> <span class='ocrx_word' id='word_1_267' title='bbox 1361 3652 1435 3718; x_wconf 88' lang='lat' dir='ltr'>loco</span> 
     </span>
     <span class='ocr_line' id='line_1_31' title="bbox 172 3768 1435 3853; baseline -0.002 -18"><span class='ocrx_word' id='word_1_268' title='bbox 172 3819 175 3823; x_wconf 57' lang='lat'><strong>.</strong></span> <span class='ocrx_word' id='word_1_269' title='bbox 258 3793 372 3836; x_wconf 81' lang='lat' dir='ltr'>veram</span> <span class='ocrx_word' id='word_1_270' title='bbox 410 3769 597 3835; x_wconf 90' lang='lat' dir='ltr'>comoediae</span> <span class='ocrx_word' id='word_1_271' title='bbox 636 3769 720 3834; x_wconf 88' lang='lat' dir='ltr'>alias</span> <span class='ocrx_word' id='word_1_272' title='bbox 763 3768 914 3853; x_wconf 86' lang='grc' dir='ltr'>Κινησίας</span> <span class='ocrx_word' id='word_1_273' title='bbox 953 3769 1145 3833; x_wconf 89' lang='lat' dir='ltr'>nominatae</span> <span class='ocrx_word' id='word_1_274' title='bbox 1184 3769 1435 3853; x_wconf 83' lang='lat' dir='ltr'>inscriptionem</span> 
     </span>
     <span class='ocr_line' id='line_1_32' title="bbox 259 3882 1435 3970; baseline -0.003 -18"><span class='ocrx_word' id='word_1_275' title='bbox 259 3890 428 3952; x_wconf 83' lang='lat' dir='ltr'>servatam</span> <span class='ocrx_word' id='word_1_276' title='bbox 453 3907 525 3951; x_wconf 88' lang='lat' dir='ltr'>esse</span> <span class='ocrx_word' id='word_1_277' title='bbox 550 3887 746 3970; x_wconf 87' lang='lat' dir='ltr'>suspicatur,</span> <span class='ocrx_word' id='word_1_278' title='bbox 778 3885 831 3949; x_wconf 85' lang='lat' dir='ltr'>vel</span> <span class='ocrx_word' id='word_1_279' title='bbox 862 3885 973 3970; x_wconf 87' lang='lat' dir='ltr'>potius</span> <span class='ocrx_word' id='word_1_280' title='bbox 1005 3885 1039 3948; x_wconf 92' lang='lat' dir='ltr'>in</span> <span class='ocrx_word' id='word_1_281' title='bbox 1069 3885 1173 3970; x_wconf 88' lang='lat' dir='ltr'>priore</span> <span class='ocrx_word' id='word_1_282' title='bbox 1201 3884 1290 3947; x_wconf 87' lang='lat' dir='ltr'>illius</span> <span class='ocrx_word' id='word_1_283' title='bbox 1314 3882 1435 3948; x_wconf 86' lang='lat' dir='ltr'>indicis</span> 
     </span>
     <span class='ocr_line' id='line_1_33' title="bbox 259 4000 1435 4088; baseline -0.002 -22"><span class='ocrx_word' id='word_1_284' title='bbox 259 4007 352 4088; x_wconf 88' lang='lat' dir='ltr'>parte</span> <span class='ocrx_word' id='word_1_285' title='bbox 376 4000 564 4077; x_wconf 77' lang='grc' dir='ltr'>Μακεδόνεςε</span> <span class='ocrx_word' id='word_1_286' title='bbox 588 4005 624 4066; x_wconf 90' lang='lat' dir='ltr'>at</span> <span class='ocrx_word' id='word_1_287' title='bbox 647 4002 714 4065; x_wconf 86' lang='lat' dir='ltr'>ista</span> <span class='ocrx_word' id='word_1_288' title='bbox 737 4001 865 4065; x_wconf 88' lang='lat' dir='ltr'>ratione</span> <span class='ocrx_word' id='word_1_289' title='bbox 899 4000 984 4065; x_wconf 88' lang='lat' dir='ltr'>duae</span> <span class='ocrx_word' id='word_1_290' title='bbox 1011 4004 1145 4085; x_wconf 87' lang='lat' dir='ltr'>repente</span> <span class='ocrx_word' id='word_1_291' title='bbox 1169 4002 1354 4064; x_wconf 86' lang='lat' dir='ltr'>nascuntur</span> <span class='ocrx_word' id='word_1_292' title='bbox 1378 4021 1435 4064; x_wconf 79' lang='lat' dir='ltr'>co-</span> 
     </span>
    </p>
   </div>
   <div class='ocr_carea' id='block_1_5' title="bbox 259 4275 1436 4434">
    <p class='ocr_par' dir='ltr' id='par_1_6' title="bbox 259 4275 1436 4434">
     <span class='ocr_line' id='line_1_34' title="bbox 366 4275 1436 4344; baseline -0.001 -16"><span class='ocrx_word' id='word_1_293' title='bbox 366 4279 399 4343; x_wconf 67' lang='grc'>45)</span> <span class='ocrx_word' id='word_1_294' title='bbox 419 4278 555 4344; x_wconf 57' lang='lat' dir='ltr'>conferas,</span> <span class='ocrx_word' id='word_1_295' title='bbox 575 4294 643 4344; x_wconf 85' lang='lat' dir='ltr'>quac</span> <span class='ocrx_word' id='word_1_296' title='bbox 670 4277 702 4329; x_wconf 84' lang='lat' dir='ltr'>dc</span> <span class='ocrx_word' id='word_1_297' title='bbox 728 4278 847 4329; x_wconf 82' lang='lat' dir='ltr'>Platonis</span> <span class='ocrx_word' id='word_1_298' title='bbox 874 4277 1028 4344; x_wconf 78' lang='lat' dir='ltr'>Hyperbolo</span> <span class='ocrx_word' id='word_1_299' title='bbox 1054 4285 1080 4328; x_wconf 83' lang='lat' dir='ltr'>et</span> <span class='ocrx_word' id='word_1_300' title='bbox 1107 4276 1274 4343; x_wconf 75' lang='lat' dir='ltr'>Cleophonte</span> <span class='ocrx_word' id='word_1_301' title='bbox 1294 4275 1436 4327; x_wconf 85' lang='lat' dir='ltr'>simillima</span> 
     </span>
     <span class='ocr_line' id='line_1_35' title="bbox 259 4368 834 4434; baseline 0 -16"><span class='ocrx_word' id='word_1_302' title='bbox 259 4368 424 4418; x_wconf 84' lang='lat' dir='ltr'>adnotarunt</span> <span class='ocrx_word' id='word_1_303' title='bbox 444 4375 546 4420; x_wconf 72' lang='lat' dir='ltr'>veteres</span> <span class='ocrx_word' id='word_1_304' title='bbox 567 4370 660 4434; x_wconf 86' lang='lat' dir='ltr'>(supra</span> <span class='ocrx_word' id='word_1_305' title='bbox 680 4385 704 4433; x_wconf 91' lang='lat' dir='ltr'>p.</span> <span class='ocrx_word' id='word_1_306' title='bbox 726 4368 766 4418; x_wconf 77' lang='lat'>19.</span> <span class='ocrx_word' id='word_1_307' title='bbox 782 4368 834 4429; x_wconf 69' lang='lat'>⁴20).</span> 
     </span>
    </p>
   </div>
   <div class='ocr_carea' id='block_1_6' title="bbox 0 0 1576 5024">
    <p class='ocr_par' dir='ltr' id='par_1_7' title="bbox 0 0 1576 5024">
     <span class='ocr_line' id='line_1_36' title="bbox 0 0 1576 5024; baseline 0 0"><span class='ocrx_word' id='word_1_308' title='bbox 0 0 1576 5024; x_wconf 95' lang='lat' dir='ltr'> </span> 
     </span>
    </p>
   </div>
  </div>
 </body>
</html>
