3136 5024
690 277 885 330 -153-

307 451 549 516 Demosthenes
560 451 662 534 igitur
677 455 711 517 et
727 450 859 536 Apelles
875 451 995 516 iuniori
1008 450 1104 516 Laidi
1120 450 1266 537 adempti
1283 456 1371 517 sunt.

200 567 260 632 Cui
285 572 322 631 ut
346 566 470 652 aliquid
494 569 608 646 restet,
639 588 714 631 eam
740 567 899 631 maiorem
922 566 1036 646 fuisse,
1068 567 1088 631 i.
1107 588 1133 632 e.
1152 567 1267 652 quinto
1298 589 1372 634 sae-

200 682 273 748 culo
297 686 414 748 natam
438 703 611 748 sumamus
627 703 762 747 necesse
779 686 840 765 est,
859 681 947 766 quod
962 703 1018 768 per
1034 681 1233 748 Timandrae
1257 684 1372 748 matris

200 802 350 864 aetatem
381 819 461 863 sane
492 797 578 863 licet.
626 801 671 863 At
705 797 767 862 hoc
797 798 826 863 si
855 796 1008 880 iacimus
1043 799 1201 863 maiorem
1236 798 1373 864 Laidem

200 913 298 999 plane
323 912 556 999 despohamns,
574 913 693 999 quippe
717 934 803 997 quae
821 912 873 977 ¹nil
885 913 1031 999 accipiat
1047 914 1111 978 nisi
1134 913 1276 979 forsitan
1292 912 1373 978 illud

200 1029 373 1094 Machonis
397 1028 486 1115 apud
511 1029 722 1093 Athenaeum
738 1028 813 1093 XIII
837 1029 901 1094 582
926 1027 985 1110 od,
1012 1030 1068 1114 qui
1091 1028 1254 1113 quomodo
1278 1029 1372 1094 Euri-

200 1143 310 1230 pidem
326 1148 458 1231 poetam
477 1143 656 1228 aliquando
674 1144 867 1209 muliercula
878 1144 1034 1230 petulans
1050 1144 1168 1210 luserit
1182 1150 1306 1210 narrat.
1320 1146 1372 1229 ³³³)

199 1261 272 1325 Hac
294 1281 328 1325 re
345 1265 459 1326 autem
475 1263 659 1345 temporum
676 1260 823 1325 rationes
840 1264 1019 1342 exstruere,
1036 1263 1269 1346 praeterquam
1285 1260 1373 1345 quod
1441 1293 1445 1296 ·

199 1377 371 1442 Mathonis
400 1376 631 1441 testimonium
664 1375 747 1440 levis
778 1374 930 1461 ponderis
962 1379 1023 1458 est,
1055 1376 1109 1441 vel
1140 1398 1177 1441 eo
1207 1381 1371 1457 vetamur,

200 1491 289 1576 quod
312 1490 401 1578 apud
425 1492 608 1557 Stobaeum
631 1491 715 1556 Flor.
732 1491 775 1555 Ill
799 1492 828 1573 5,
854 1491 1032 1556 adriense
1064 1491 1117 1577 (z
1141 1494 1171 1574 5,
1197 1494 1238 1557 82
1261 1492 1372 1577 Mein.)

201 1607 307 1690 Plato,
340 1607 428 1694 apud
458 1607 674 1673 Plutarchum
705 1606 744 1672 de
776 1606 852 1672 aud.
876 1611 963 1692 poet.
987 1629 1018 1693 p.
1041 1608 1083 1671 33
1107 1608 1130 1673 C
1154 1607 1372 1673 Antisthenes

200 1723 298 1787 simili
329 1722 425 1788 modo
454 1722 643 1808 Euripidem
673 1722 887 1808 compellasse
918 1723 1080 1804 feruntur,
1105 1723 1289 1788 allambe
1313 1722 1371 1788 l.l.

99 1875 103 1879 ·
199 1860 229 1923 p.
248 1839 323 1921 236,
355 1837 520 1925 Euripir.
540 1840 580 1903 19
611 1837 750 1903 Nauck²
781 1860 811 1924 p.
829 1839 903 1904 368.
951 1839 1129 1904 Praeterea
1159 1839 1278 1903 mirum
1310 1844 1370 1920 est,

200 1952 297 2040 quod.
311 1954 410 2019 huius
433 1953 546 2019 Laidis
570 1954 703 2018 maioris
726 1954 759 2017 in
785 1953 1029 2037 antiquioribus
1051 1953 1227 2019 comoediis
1244 1955 1371 2020 Aristo-

199 2070 339 2156 phaneis
362 2069 455 2134 nulla
478 2070 602 2135 mentio
634 2069 684 2134 i't.
704 2109 743 2117 —-
769 2068 880 2150 Vides⁷
913 2090 1014 2153 quam
1045 2091 1112 2135 non
1143 2069 1229 2135 duae
1252 2069 1371 2135 Laides

200 2186 346 2267 insignes
370 2186 500 2271 possint
524 2184 729 2251 concordare.

307 2300 371 2366 Sed
405 2321 510 2365 unum
545 2300 693 2365 nondum
728 2301 1075 2382 commemoravimuS‚
1112 2322 1176 2385 quo
1212 2301 1371 2386 inprimis

200 2414 286 2480 duae
304 2420 343 2480 ut
359 2414 578 2493 crederentur,
594 2415 771 2481 videbatur
787 2415 964 2503 postulari:
990 2437 1075 2500 quae
1092 2415 1132 2480 de
1148 2420 1253 2481 morte
1270 2420 1371 2501 atque
1455 2487 1457 2494 ⁴

199 2531 347 2616 sepulcro
371 2532 458 2596 inter
488 2553 523 2596 se
549 2530 770 2618 discrepantia
798 2532 976 2597 memoriae
1000 2530 1219 2618 produntur·
1240 2531 1371 2598 Etenim

199 2646 296 2711 multi
319 2651 458 2711 narrant
481 2668 555 2712 eam
579 2646 777 2712 Thessalum
800 2647 977 2731 quendam,
1007 2668 1103 2731 quem
1129 2650 1287 2727 amasset,
1320 2669 1371 2712 se-

200 2766 312 2828 cutam
342 2762 377 2826 in
407 2762 581 2827 Thessalia
612 2783 648 2826 a·
663 2761 855 2827 mulieribus
891 2762 1031 2827 aemulis
1067 2761 1196 2839 ξυλίναις
1229 2761 1373 2847 χελώναις

198 2877 399 2943 trucidatam
431 2899 504 2943 esse
535 2876 704 2962 (Polemon
734 2877 823 2965 apud
852 2878 973 2942 Athen.
998 2877 1072 2942 Xlll
1101 2878 1165 2942 589
1183 2899 1204 2942 a
1220 2878 1257 2960 b3
1283 2877 1370 2942 Plut.

199 2996 310 3058 Amat.
328 2995 368 3057 21
396 2993 470 3077 (767
488 2993 603 3080 qu.);
626 2993 771 3058 Pausan.
791 2994 819 3057 ll
835 2995 865 3074 2,
884 2995 918 3075 53
939 2992 1045 3058 schol.
1063 2993 1163 3057 Arist.
1184 2991 1271 3057 Plut.
1292 2995 1370 3074 1793

198 3107 326 3173 Hellad.
345 3107 433 3193 apud
449 3108 545 3174 Phot.
564 3107 632 3174 cod.
651 3111 726 3191 279,
751 3131 780 3194 p.
799 3109 864 3173 533
887 3110 908 3174 b
932 3111 976 3174 40
1001 3130 1071 3194 sqq.
1092 3107 1211 3189 Belrk.;
1236 3106 1326 3172 Suid.
1344 3131 1369 3173 s.

197 3224 336 3309 χελώνη).
349 3224 400 3310 384)
417 3223 575 3290 Polemon
589 3225 732 3290 Athenai
744 3225 798 3289 hic
810 3225 1031 3290 exscribatur:
1048 3219 1138 3290 aab&
1153 3221 1208 3288 aad
1223 3225 1370 3309 Πολέμων

198 3337 315 3423 εἴρηκεν
340 3340 394 3424 (sc.
412 3338 656 3425 Hyccarensem
680 3361 754 3405 eam
770 3340 896 3426 fuisse),
914 3337 1114 3424 ἀναιρεὶίήναι
1130 3338 1257 3426 φάσκων
1276 3336 1371 3424 αὐτὴν

196 3452 256 3519 ὑπό
273 3479 359 3520 τινων
375 3453 523 3538 γυναικῶν
539 3456 569 3519 ἐν
586 3456 750 3544 Θετταλίᾳ,
770 3453 950 3540 &pasturas
966 3477 1047 3531 τινας
1062 3456 1234 3523 Παυσανίου
1250 3461 1371 3520 (berta-
1443 3491 1446 3497 ·

198 3567 322 3655 hod‚³⁸⁶)
347 3564 432 3635 κατὰ
456 3571 568 3656 ptores
591 3569 643 3635 καὶ
667 3571 825 3654 δυσζηλίαν
844 3569 933 3658 [ταῖς]
952 3570 1082 3648 ξυλίναις
1097 3570 1242 3655 χελώναις
1257 3595 1370 3636 roaro-

198 3689 290 3769 μένην
320 3688 349 3751 ἐν
369 3683 560 3771 Ἀφροδίτης
590 3683 655 3774 ἱερῷ
672 3708 678 3719 ·
696 3683 738 3752 διὸ
770 3685 824 3751 καί
853 3681 889 3751 τὸ
920 3689 1043 3770 τέμενος
1069 3690 1225 3770 abablium
1248 3684 1372 3761 ἀνοσίας

265 3917 267 3920 -
304 3880 350 3947 ³⁸³)
371 3882 453 3933 Aliud
473 3880 563 3933 Laidis
582 3881 669 3934 facete
692 3883 792 3935 dictum
818 3882 890 3950 apud
917 3884 1017 3935 Athen.
1045 3882 1128 3935 58511
1148 3883 1271 3949 proditur
1297 3883 1370 3934 nullo

198 3971 251 4022 alio
271 3972 378 4022 nomine
399 3969 498 4022 addito.

305 4058 348 4122 ³⁸⁴)
367 4060 458 4112 Olivac
477 4073 590 4126 granum
611 4068 722 4112 mortem
743 4062 766 4112 ei
786 4062 907 4112 intulisse
927 4069 1021 4113 auctor
1040 4068 1080 4113 est
1098 4062 1209 4114 Ptolem.
1224 4059 1311 4127 llcph.
1327 4076 1369 4125 ap.

197 4148 274 4200 Phot.
295 4150 352 4201 cod.
373 4149 425 4202 190
444 4153 479 4214 (p.
502 4148 579 4201 1461)
600 4149 632 4201 11
653 4163 708 4213 sqq.
728 4149 834 4215 Beira),
860 4151 939 4202 solus.
969 4149 1010 4203 Cf.
1031 4166 1099 4216 quae
1126 4150 1159 4200 de
1185 4149 1324 4216 Sophoclis
1345 4157 1370 4199 ot

198 4239 375 4289 Anacreontis
397 4244 430 4302 (v.
450 4237 534 4289 PWI
554 4237 737 4300 mammone
761 4238 909 4290 narrabant
931 4247 1035 4291 veteres
1055 4237 1100 4303 (cl.
1121 4253 1202 4305 supra
1220 4255 1244 4304 p.
1262 4239 1295 4289 ‘23
1314 4239 1370 4303 sq).

305 4324 350 4390 385)
369 4326 515 4378 Plutarcho
534 4326 680 4378 Thessalus
700 4326 743 4377 ille
763 4327 917 4393 appellatur
930 4327 1123 4394 Hippolochus,
1143 4327 1293 4379 Pausaniae
1307 4327 1371 4392 Ilip-

197 4421 342 4482 postratus‚
362 4415 521 4467 scholiastae
541 4417 623 4466 Arist.
645 4412 801 4482 Εὐρύλοχος
820 4415 837 4484 ἢ
855 4414 1049 4484 Ἀριστόνικος.
