3136 5024
694 258 869 310 ..74-

195 434 225 496 ἐν
249 431 367 509 τούτοις
389 429 538 518 ἐδήλωσεν
562 432 577 500 ὃ
601 431 736 518 κωμικὸς
765 434 841 500 διότι
871 433 924 501 καὶ
947 435 982 501 τὸ
1007 433 1110 521 δρᾶμα
1127 430 1293 521 Κεραυνὸν
1317 434 1367 503 ἀπ’

196 545 288 612 αὐτοῦ
312 542 494 635 ἐπιγέγραφε
520 550 574 635 (cf.
599 550 696 615 Mein.
722 551 918 637 1101438).

302 663 367 728 Sed
391 665 455 729 nisi
478 665 561 730 talia
585 666 628 730 ab
656 666 736 751 ipsis
769 667 981 752 scriptoribus
1012 668 1177 752 antiquis,
1192 668 1371 734 memoriae

196 778 388 863 produntur,
424 784 555 846 nosmet
579 780 619 845 de
650 781 826 847 comoediis
857 782 1021 864 similiter·
1042 782 1208 868 inscriptis
1245 789 1369 850 certum

196 893 353 960 iudicium
384 896 526 980 proferre
550 918 617 961 non
652 918 749 982 posse
785 901 1046 963 consentaneum
1075 903 1136 964 est.
1184 898 1295 979 Quare
1326 900 1370 965 nil

196 1009 286 1077 aliud
304 1014 419 1092 restat,
444 1033 545 1095 quam
563 1016 600 1077 ut
616 1033 674 1077 eas
691 1033 795 1077 unum
814 1013 973 1078 inlocum
990 1013 1129 1083 collatas
1145 1014 1199 1079 hic
1215 1013 1370 1102 deinceps

196 1132 234 1190 ut
258 1126 402 1192 solemus
419 1149 659 1194 enumeremus.
707 1130 817 1213 Atque
836 1130 978 1215 primum
995 1128 1197 1196 disseramus
1214 1129 1255 1196 de
1271 1135 1370 1216 quat-

196 1246 271 1306 tuor
295 1243 402 1308 titulis
427 1245 608 1326 nominum,
634 1245 754 1329 quibus
779 1244 1036 1327 conformantur,
1061 1245 1188 1311 formae
1204 1267 1371 1328 gramma-

198 1358 283 1422 ticae
320 1359 536 1424 similitudine
571 1360 708 1425 mirifice
738 1361 824 1425 inter
855 1382 890 1426 se
921 1361 1080 1442 cognatis,
1115 1359 1306 1445 Ἀγκυλίωνι
1321 1363 1370 1448 ¹⁹¹)

196 1458 267 1538 dico
291 1474 476 1540 Βουταλίωνι
499 1476 678 1560 Βοτρυλίωνι
701 1477 911 1560 Καμπυλίωνι.

438 1712 583 1782 Eubuli
614 1718 655 1785 et
681 1713 862 1783 Alexidis
886 1676 1118 1800 Ἀγκυλίων.

185 1879 187 1886 ’
298 1881 471 1966 Ἀγκυλίων
494 1883 652 1949 laudatur
675 1884 796 1949 Eubuli
820 1889 854 1949 et
877 1883 1024 1951 Alexidis
1049 1885 1157 1970 (Mein.
1182 1886 1215 1952 h.
1233 1908 1275 1952 cr.
1294 1888 1369 1952 359.

196 2000 275 2075 381;
299 1999 359 2064 Ko.
378 1999 406 2063 ll
424 2002 488 2064 164
505 2022 552 2084 sq.
578 2002 666 2088 297),
689 2000 840 2066 neutrius
871 2005 985 2069 autem
1015 1999 1151 2066 fabulae
1181 2000 1371 2084 fragmenta

196 2113 235 2179 de
259 2114 349 2180 tituli
372 2116 500 2181 ratione
525 2116 703 2200 quicquam
727 2114 861 2199 docent3
885 2116 920 2180 in
943 2115 1065 2181 Eubuli
1088 2115 1127 2180 fr.
1154 2120 1181 2182 1.
1207 2118 1237 2182 2.
1264 2119 1284 2181 3
1308 2118 1369 2183 Ko.

195 2229 312 2316 δεκάτη
336 2231 476 2296 infantis
500 2230 632 2296 videtur
663 2231 834 2314 celebrari;
870 2233 904 2296 in
935 2253 1001 2297 uno
1033 2253 1137 2316 eoque
1168 2232 1249 2315 solo,
1281 2206 1372 2318 quod

195 2345 345 2411 elabula
367 2345 529 2412 Alexidea
552 2352 712 2441 superest,
744 2347 931 2430 fragmento
963 2338 1060 2413 Plato
1092 2352 1371 2414 commemoratur

194 2460 296 2547 (apud
326 2462 418 2544 Dieg.
455 2463 563 2527 Laert.
600 2463 643 2526 lll
670 2464 723 2548 27)
759 2464 817 2543 ita,
855 2467 893 2527 ut
928 2467 1006 2528 ante
1040 2463 1190 2529 Platonis
1228 2468 1370 2530 morteffl

195 2577 318 2664 (348rt)
350 2576 501 2642 fabulam
536 2577 669 2643 doctam
701 2600 773 2644 esse
808 2579 878 2644 iure
913 2580 1028 2664 opinor
1062 2580 1168 2665 possit
1202 2579 1369 2646 concludi:

195 2714 297 2777 quare
321 2715 395 2758 cum
420 2695 522 2759 etiam
547 2693 677 2760 Eubulo
701 2695 778 2759 vivo
803 2716 877 2759 eam
902 2695 1058 2780 scriptam
1086 2716 1159 2760 esse
1189 2687 1371 2762 uerisimile

195 2809 249 2890 sit,
273 2809 373 2874 huius
398 2799 601 2875 comoediam
625 2810 733 2875 denuo
757 2811 792 2874 in
816 2831 972 2876 scaenam
1000 2809 1171 2876 demisisse
1195 2810 1371 2877 Alexidem

195 2928 327 3010 poetam
351 2929 435 2991 natu
462 2926 621 2991 minorem
653 2926 829 3011 quominus
860 2926 1072 3008 coniciamus,
1090 2914 1310 3012 impedimur,
1337 2931 1372 2993 et

195 3041 362 3106 affirmare
386 3041 464 3106 licet
487 3040 569 3107 duos
594 3046 710 3127 poetas
733 3040 868 3106 fabulas
899 3040 1048 3106 diversas
1072 3041 1208 3107 minime
1238 3042 1371 3126 vulgari

194 3156 292 3222 titulo
319 3155 488 3239 Ἀγκυλίων
523 3157 717 3243 appellasse.
730 3156 781 3244 192)
828 3156 922 3236 Quod
959 3178 1090 3240 nomen,
1126 3160 1293 3244 quantum
1330 3180 1372 3224 ex

195 3273 364 3336 Kirchneri
400 3272 684 3358 Prosopographia
720 3273 831 3337 Attica
866 3273 1083 3355 cognoscitur,
1122 3272 1266 3338 Athenis
1303 3294 1372 3338 non

195 3387 325 3453 videtur
360 3389 394 3452 in
430 3412 492 3453 usu
526 3388 643 3454 fuisse:
685 3392 799 3454 tamen
830 3385 1000 3474 ἀρτόπωλις
1029 3388 1087 3453 illa
1114 3410 1135 3453 a
1159 3387 1372 3477 Philocleone

195 3503 283 3568 ebrio
307 3504 394 3569 male
411 3504 558 3569 mulcata
575 3505 685 3590 (Arist.
703 3504 801 3589 Vesp.
821 3505 906 3568 1391
923 3504 1005 3589 sqq.)
1027 3487 1141 3568 ‘filiam
1172 3502 1372 3590 Ancylionis

304 3772 442 3834 191)11ιιυι·
467 3774 575 3824 titulum
601 3788 633 3823 ne
653 3772 686 3824 ab
713 3773 808 3824 ceteris
835 3787 974 3824 secernere
1000 3786 1119 3837 cogerer,
1138 3771 1263 3824 hocloco
1282 3772 1372 3837 posui,

195 3877 355 3927 quamquam
385 3877 480 3913 nomen
511 3864 591 3913 etium
620 3863 646 3912 in
679 3862 734 3912 vito
763 3868 919 3926 usurpatum
949 3876 1004 3913 csse
1036 3876 1089 3911 uno
1117 3860 1212 3911 saltem
1243 3859 1372 3926 exemplo

195 3951 333 4002 evincitur.
1112 3944 1116 3949 ’

304 4039 344 4103 ¹⁹²)
363 4039 441 4091 Nulla
460 4055 541 4091 causa
561 4046 607 4106 est,
627 4055 675 4090 cur
694 4055 774 4090 uuam
794 4038 959 4104 eandemque
980 4037 1144 4090 comoediam
1156 4035 1241 4089 luisse
1253 4036 1374 4103 suspice-

194 4145 253 4180 mur
272 4128 341 4180 falso
356 4130 410 4180 sive
430 4128 537 4180 Eubulo
556 4130 610 4180 sive
624 4127 731 4179 Alexidi
751 4127 929 4179 attributam:
956 4129 1019 4194 quia
1037 4134 1079 4178 ter
1097 4124 1198 4177 Eubuli
1215 4121 1373 4192 Ἀγκυλίωνι

195 4218 322 4271 laudatur
342 4218 454 4283 (Athen.
474 4218 513 4269 lx
532 4217 584 4270 369
597 4217 644 4283 de;
664 4216 727 4267 xlv
747 4216 842 4283 6161ν;
863 4215 912 4267 XV
925 4215 977 4269 668
991 4215 1025 4279 d),
1046 4215 1127 4268 semel
1144 4211 1267 4266 Alexidis
1280 4212 1371 4280 (Diog.

195 4310 283 4360 Laert.
304 4307 409 4374 11127),
438 4306 546 4358 Alexidi
575 4305 668 4357 tabula
698 4314 766 4357 esset
794 4303 989 4370 abiudicenda3
1017 4310 1193 4370 etquattuor
1218 4302 1278 4354 aliis
1304 4303 1371 4354 locis

195 4398 287 4449 Alexis
308 4398 445 4448 Platonem
460 4404 648 4448 commemorat
662 4394 706 4460 (fr.
723 4395 781 4448 141.
794 4395 853 4447 152.
867 4395 924 4446 168.
938 4395 989 4446 180
1001 4393 1072 4460 llo),
1092 4391 1214 4444 Eubulus
1228 4406 1370 4457 nusquam·
