<?xml version="1.0" encoding="UTF-8"?>
<!DOCTYPE html PUBLIC "-//W3C//DTD XHTML 1.0 Transitional//EN"
    "http://www.w3.org/TR/xhtml1/DTD/xhtml1-transitional.dtd">
<html xmlns="http://www.w3.org/1999/xhtml" xml:lang="en" lang="en">
 <head>
  <title>
</title>
<meta http-equiv="Content-Type" content="text/html;charset=utf-8" />
  <meta name='ocr-system' content='tesseract 3.04.00' />
  <meta name='ocr-capabilities' content='ocr_page ocr_carea ocr_par ocr_line ocrx_word'/>
</head>
<body>
  <div class='ocr_page' id='page_1' title='image "./degenerequodamt00breigoog_0170.png"; bbox 0 0 3136 5024; ppageno 0'>
   <div class='ocr_carea' id='block_1_1' title="bbox 684 263 878 316">
    <p class='ocr_par' dir='ltr' id='par_1_1' title="bbox 684 263 878 316">
     <span class='ocr_line' id='line_1_1' title="bbox 684 263 878 316; baseline 0 -1"><span class='ocrx_word' id='word_1_1' title='bbox 684 263 878 316; x_wconf 76' lang='grc'>-164-</span> 
     </span>
    </p>
   </div>
   <div class='ocr_carea' id='block_1_2' title="bbox 194 439 1377 1335">
    <p class='ocr_par' dir='ltr' id='par_1_2' title="bbox 194 439 1377 1335">
     <span class='ocr_line' id='line_1_2' title="bbox 195 439 1377 527; baseline 0.003 -23"><span class='ocrx_word' id='word_1_2' title='bbox 195 446 247 506; x_wconf 91' lang='lat' dir='ltr'><strong>est</strong></span> <span class='ocrx_word' id='word_1_3' title='bbox 285 440 472 527; x_wconf 88' lang='lat' dir='ltr'><strong>exemplum</strong></span> <span class='ocrx_word' id='word_1_4' title='bbox 513 439 635 526; x_wconf 72' lang='grc' dir='ltr'>(Μύστα</span> <span class='ocrx_word' id='word_1_5' title='bbox 670 441 902 527; x_wconf 81' lang='lat' dir='ltr'><strong>appellabatur</strong></span> <span class='ocrx_word' id='word_1_6' title='bbox 937 443 1044 507; x_wconf 89' lang='lat' dir='ltr'><strong>amica</strong></span> <span class='ocrx_word' id='word_1_7' title='bbox 1068 441 1196 508; x_wconf 82' lang='lat' dir='ltr'>Seleuci</span> <span class='ocrx_word' id='word_1_8' title='bbox 1231 443 1377 508; x_wconf 90' lang='lat' dir='ltr'><strong>minoris</strong></span> 
     </span>
     <span class='ocr_line' id='line_1_3' title="bbox 194 556 1376 645; baseline 0.002 -24"><span class='ocrx_word' id='word_1_9' title='bbox 194 557 317 623; x_wconf 87' lang='lat' dir='ltr'><strong>Athen.</strong></span> <span class='ocrx_word' id='word_1_10' title='bbox 341 556 416 620; x_wconf 89' lang='lat' dir='ltr'>XIII</span> <span class='ocrx_word' id='word_1_11' title='bbox 439 559 547 623; x_wconf 78' lang='grc'>5786.</span> <span class='ocrx_word' id='word_1_12' title='bbox 573 557 684 639; x_wconf 78' lang='lat' dir='ltr'><strong>593e3</strong></span> <span class='ocrx_word' id='word_1_13' title='bbox 709 556 749 624; x_wconf 87' lang='lat' dir='ltr'><strong>cf.</strong></span> <span class='ocrx_word' id='word_1_14' title='bbox 774 557 910 622; x_wconf 90' lang='lat' dir='ltr'><strong>Bechtel</strong></span> <span class='ocrx_word' id='word_1_15' title='bbox 934 558 984 622; x_wconf 82' lang='lat' dir='ltr'><strong>Fr.</strong></span> <span class='ocrx_word' id='word_1_16' title='bbox 1003 580 1033 643; x_wconf 92' lang='lat' dir='ltr'><strong>p.</strong></span> <span class='ocrx_word' id='word_1_17' title='bbox 1052 559 1116 645; x_wconf 78' lang='grc'>68),</span> <span class='ocrx_word' id='word_1_18' title='bbox 1141 562 1175 622; x_wconf 91' lang='lat' dir='ltr'><strong>et</strong></span> <span class='ocrx_word' id='word_1_19' title='bbox 1199 579 1276 622; x_wconf 88' lang='lat' dir='ltr'><strong>curn</strong></span> <span class='ocrx_word' id='word_1_20' title='bbox 1301 562 1376 624; x_wconf 89' lang='lat' dir='ltr'><strong>tres</strong></span> 
     </span>
     <span class='ocr_line' id='line_1_4' title="bbox 194 671 1376 759; baseline 0.002 -23"><span class='ocrx_word' id='word_1_21' title='bbox 194 676 312 757; x_wconf 91' lang='lat' dir='ltr'><strong>poetae</strong></span> <span class='ocrx_word' id='word_1_22' title='bbox 329 672 444 737; x_wconf 88' lang='lat' dir='ltr'><strong>eodem</strong></span> <span class='ocrx_word' id='word_1_23' title='bbox 461 671 558 737; x_wconf 87' lang='lat' dir='ltr'><strong>titulo</strong></span> <span class='ocrx_word' id='word_1_24' title='bbox 576 672 627 736; x_wconf 88' lang='lat' dir='ltr'><strong>usi</strong></span> <span class='ocrx_word' id='word_1_25' title='bbox 641 672 717 754; x_wconf 89' lang='lat' dir='ltr'><strong>sint,</strong></span> <span class='ocrx_word' id='word_1_26' title='bbox 732 672 871 738; x_wconf 89' lang='lat' dir='ltr'><strong>alteram</strong></span> <span class='ocrx_word' id='word_1_27' title='bbox 884 673 1191 758; x_wconf 75' lang='lat' dir='ltr'><strong>interpretationem</strong></span> <span class='ocrx_word' id='word_1_28' title='bbox 1204 673 1376 759; x_wconf 89' lang='lat' dir='ltr'><strong>praefero:</strong></span> 
     </span>
     <span class='ocr_line' id='line_1_5' title="bbox 195 786 1376 875; baseline 0.002 -25"><span class='ocrx_word' id='word_1_29' title='bbox 195 787 355 872; x_wconf 89' lang='lat' dir='ltr'><strong>mysteria</strong></span> <span class='ocrx_word' id='word_1_30' title='bbox 371 788 504 872; x_wconf 90' lang='lat' dir='ltr'><strong>saepius</strong></span> <span class='ocrx_word' id='word_1_31' title='bbox 520 788 554 851; x_wconf 93' lang='lat' dir='ltr'><strong>in</strong></span> <span class='ocrx_word' id='word_1_32' title='bbox 572 786 740 852; x_wconf 89' lang='lat' dir='ltr'><strong>comoedia</strong></span> <span class='ocrx_word' id='word_1_33' title='bbox 756 786 1054 875; x_wconf 71' lang='lat' dir='ltr'><strong>illudebantur,⁴1⁴)</strong></span> <span class='ocrx_word' id='word_1_34' title='bbox 1076 790 1177 873; x_wconf 88' lang='lat' dir='ltr'><strong>atque</strong></span> <span class='ocrx_word' id='word_1_35' title='bbox 1194 786 1236 852; x_wconf 91' lang='lat' dir='ltr'><strong>ad</strong></span> <span class='ocrx_word' id='word_1_36' title='bbox 1254 807 1376 852; x_wconf 93' lang='lat' dir='ltr'><strong>eorum</strong></span> 
     </span>
     <span class='ocr_line' id='line_1_6' title="bbox 196 901 1376 989; baseline 0.001 -22"><span class='ocrx_word' id='word_1_37' title='bbox 196 902 405 967; x_wconf 80' lang='lat' dir='ltr'><strong>celebritates</strong></span> <span class='ocrx_word' id='word_1_38' title='bbox 439 903 523 968; x_wconf 92' lang='lat' dir='ltr'><strong>bene</strong></span> <span class='ocrx_word' id='word_1_39' title='bbox 559 901 703 987; x_wconf 90' lang='lat' dir='ltr'><strong>quadrat</strong></span> <span class='ocrx_word' id='word_1_40' title='bbox 733 903 914 989; x_wconf 87' lang='lat' dir='ltr'><strong>Antiphan.</strong></span> <span class='ocrx_word' id='word_1_41' title='bbox 946 903 985 969; x_wconf 82' lang='lat' dir='ltr'><strong>fr.</strong></span> <span class='ocrx_word' id='word_1_42' title='bbox 1020 904 1093 984; x_wconf 77' lang='lat'><strong>163,</strong></span> <span class='ocrx_word' id='word_1_43' title='bbox 1125 902 1182 968; x_wconf 92' lang='lat' dir='ltr'><strong>ubi</strong></span> <span class='ocrx_word' id='word_1_44' title='bbox 1212 902 1376 968; x_wconf 88' lang='lat' dir='ltr'><strong>mulieres</strong></span> 
     </span>
     <span class='ocr_line' id='line_1_7' title="bbox 194 1017 1376 1106; baseline 0.001 -24"><span class='ocrx_word' id='word_1_45' title='bbox 194 1018 284 1100; x_wconf 90' lang='lat' dir='ltr'><strong>large</strong></span> <span class='ocrx_word' id='word_1_46' title='bbox 309 1017 451 1084; x_wconf 86' lang='lat' dir='ltr'><strong>bibendo</strong></span> <span class='ocrx_word' id='word_1_47' title='bbox 476 1017 762 1106; x_wconf 51' lang='lat' dir='ltr'><strong>delectandum)</strong></span> <span class='ocrx_word' id='word_1_48' title='bbox 796 1019 830 1083; x_wconf 92' lang='lat' dir='ltr'><strong>in</strong></span> <span class='ocrx_word' id='word_1_49' title='bbox 854 1018 892 1084; x_wconf 90' lang='lat' dir='ltr'><strong>fr.</strong></span> <span class='ocrx_word' id='word_1_50' title='bbox 921 1020 983 1083; x_wconf 84' lang='grc'><strong>164</strong></span> <span class='ocrx_word' id='word_1_51' title='bbox 1008 1018 1047 1083; x_wconf 89' lang='lat' dir='ltr'><strong>de</strong></span> <span class='ocrx_word' id='word_1_52' title='bbox 1072 1018 1243 1083; x_wconf 88' lang='lat' dir='ltr'><strong>sacrificiis</strong></span> <span class='ocrx_word' id='word_1_53' title='bbox 1268 1017 1376 1083; x_wconf 93' lang='lat' dir='ltr'><strong>collo-</strong></span> 
     </span>
     <span class='ocr_line' id='line_1_8' title="bbox 196 1131 1375 1218; baseline 0.001 -22"><span class='ocrx_word' id='word_1_54' title='bbox 196 1137 352 1218; x_wconf 87' lang='lat' dir='ltr'><strong>quuntur.</strong></span> <span class='ocrx_word' id='word_1_55' title='bbox 390 1173 429 1180; x_wconf 90' lang='lat'><em>-</em></span> <span class='ocrx_word' id='word_1_56' title='bbox 466 1131 690 1198; x_wconf 78' lang='lat' dir='ltr'><strong>Conferendae</strong></span> <span class='ocrx_word' id='word_1_57' title='bbox 730 1138 810 1198; x_wconf 89' lang='lat' dir='ltr'><strong>sunt</strong></span> <span class='ocrx_word' id='word_1_58' title='bbox 847 1155 873 1198; x_wconf 90' lang='lat' dir='ltr'><strong>e.</strong></span> <span class='ocrx_word' id='word_1_59' title='bbox 910 1155 939 1215; x_wconf 84' lang='lat' dir='ltr'><strong>g.</strong></span> <span class='ocrx_word' id='word_1_60' title='bbox 980 1132 1127 1198; x_wconf 83' lang='lat' dir='ltr'><strong>Alexidis</strong></span> <span class='ocrx_word' id='word_1_61' title='bbox 1166 1131 1375 1218; x_wconf 59' lang='lat' dir='ltr'><strong>(lucelenter,</strong></span> 
     </span>
     <span class='ocr_line' id='line_1_9' title="bbox 194 1243 1325 1335; baseline 0 -23"><span class='ocrx_word' id='word_1_62' title='bbox 194 1248 366 1314; x_wconf 78' lang='lat' dir='ltr'><strong>Menandri</strong></span> <span class='ocrx_word' id='word_1_63' title='bbox 390 1252 617 1334; x_wconf 60' lang='grc' dir='ltr'>(θεοφορουμένη</span> <span class='ocrx_word' id='word_1_64' title='bbox 642 1247 810 1333; x_wconf 75' lang='grc' dir='ltr'>61Ἱέρεια,</span> <span class='ocrx_word' id='word_1_65' title='bbox 835 1247 1022 1335; x_wconf 83' lang='lat' dir='ltr'><strong>Apollodori</strong></span> <span class='ocrx_word' id='word_1_66' title='bbox 1046 1249 1188 1335; x_wconf 81' lang='lat' dir='ltr'><strong>Carystii</strong></span> <span class='ocrx_word' id='word_1_67' title='bbox 1203 1243 1325 1332; x_wconf 81' lang='grc' dir='ltr'>Ἱέρεια.</span> 
     </span>
    </p>
   </div>
   <div class='ocr_carea' id='block_1_3' title="bbox 599 1495 955 1574">
    <p class='ocr_par' dir='ltr' id='par_1_3' title="bbox 599 1495 955 1574">
     <span class='ocr_line' id='line_1_10' title="bbox 599 1495 955 1574; baseline -0.003 -11"><span class='ocrx_word' id='word_1_68' title='bbox 599 1495 779 1564; x_wconf 76' lang='lat' dir='ltr'><strong>Alexidis</strong></span> <span class='ocrx_word' id='word_1_69' title='bbox 803 1495 955 1574; x_wconf 58' lang='lat' dir='ltr'><strong>&#39;ricula</strong></span> 
     </span>
    </p>
   </div>
   <div class='ocr_carea' id='block_1_4' title="bbox 194 1665 1462 2560">
    <p class='ocr_par' dir='ltr' id='par_1_4' title="bbox 194 1665 1462 2446">
     <span class='ocr_line' id='line_1_11' title="bbox 284 1665 1378 1752; baseline 0.001 -21"><span class='ocrx_word' id='word_1_70' title='bbox 284 1667 309 1731; x_wconf 80' lang='lat' dir='ltr'><strong>a</strong></span> <span class='ocrx_word' id='word_1_71' title='bbox 332 1688 468 1731; x_wconf 87' lang='lat' dir='ltr'><strong>numero</strong></span> <span class='ocrx_word' id='word_1_72' title='bbox 496 1665 739 1731; x_wconf 80' lang='lat' dir='ltr'><strong>comoediarum</strong></span> <span class='ocrx_word' id='word_1_73' title='bbox 763 1665 912 1731; x_wconf 81' lang='lat' dir='ltr'><strong>Alexidis</strong></span> <span class='ocrx_word' id='word_1_74' title='bbox 935 1667 988 1732; x_wconf 91' lang='lat' dir='ltr'><strong>hic</strong></span> <span class='ocrx_word' id='word_1_75' title='bbox 1008 1666 1162 1752; x_wconf 90' lang='lat' dir='ltr'><strong>ponenda</strong></span> <span class='ocrx_word' id='word_1_76' title='bbox 1186 1669 1238 1731; x_wconf 91' lang='lat' dir='ltr'><strong>est</strong></span> <span class='ocrx_word' id='word_1_77' title='bbox 1253 1668 1378 1745; x_wconf 56' lang='grc' dir='ltr'>Ἀτῗίς</span> 
     </span>
     <span class='ocr_line' id='line_1_12' title="bbox 196 1781 1376 1868; baseline 0.001 -21"><span class='ocrx_word' id='word_1_78' title='bbox 196 1783 303 1867; x_wconf 85' lang='lat' dir='ltr'><strong>(Mein.</strong></span> <span class='ocrx_word' id='word_1_79' title='bbox 328 1783 360 1847; x_wconf 88' lang='lat' dir='ltr'><strong>h.</strong></span> <span class='ocrx_word' id='word_1_80' title='bbox 386 1805 427 1849; x_wconf 93' lang='lat' dir='ltr'><strong>cr.</strong></span> <span class='ocrx_word' id='word_1_81' title='bbox 453 1784 533 1864; x_wconf 69' lang='lat' dir='ltr'><strong>aaa,</strong></span> <span class='ocrx_word' id='word_1_82' title='bbox 557 1782 617 1848; x_wconf 88' lang='lat' dir='ltr'><strong>Ko.</strong></span> <span class='ocrx_word' id='word_1_83' title='bbox 642 1782 670 1846; x_wconf 92' lang='lat' dir='ltr'><strong>II</strong></span> <span class='ocrx_word' id='word_1_84' title='bbox 695 1782 757 1846; x_wconf 73' lang='lat'><strong>307</strong></span> <span class='ocrx_word' id='word_1_85' title='bbox 783 1783 859 1868; x_wconf 87' lang='lat' dir='ltr'><strong>sq.):</strong></span> <span class='ocrx_word' id='word_1_86' title='bbox 889 1783 935 1847; x_wconf 92' lang='lat' dir='ltr'><strong>sic</strong></span> <span class='ocrx_word' id='word_1_87' title='bbox 959 1782 1189 1868; x_wconf 86' lang='lat' dir='ltr'><strong>appellabatur</strong></span> <span class='ocrx_word' id='word_1_88' title='bbox 1213 1781 1376 1868; x_wconf 87' lang='lat' dir='ltr'><strong>Sapphus</strong></span> 
     </span>
     <span class='ocr_line' id='line_1_13' title="bbox 195 1885 1462 1984; baseline 0.002 -22"><span class='ocrx_word' id='word_1_89' title='bbox 195 1899 302 1962; x_wconf 90' lang='lat' dir='ltr'><strong>amica</strong></span> <span class='ocrx_word' id='word_1_90' title='bbox 322 1898 376 1984; x_wconf 84' lang='lat' dir='ltr'><strong>(cf.</strong></span> <span class='ocrx_word' id='word_1_91' title='bbox 403 1898 473 1962; x_wconf 88' lang='lat' dir='ltr'><strong>eius</strong></span> <span class='ocrx_word' id='word_1_92' title='bbox 496 1897 535 1962; x_wconf 84' lang='lat' dir='ltr'><strong>fr.</strong></span> <span class='ocrx_word' id='word_1_93' title='bbox 554 1899 605 1962; x_wconf 85' lang='lat'><strong>33.</strong></span> <span class='ocrx_word' id='word_1_94' title='bbox 622 1899 663 1961; x_wconf 83' lang='grc'><strong>41</strong></span> <span class='ocrx_word' id='word_1_95' title='bbox 689 1897 818 1984; x_wconf 80' lang='lat' dir='ltr'><strong>Bergk),</strong></span> <span class='ocrx_word' id='word_1_96' title='bbox 843 1901 877 1962; x_wconf 90' lang='lat' dir='ltr'><strong>et</strong></span> <span class='ocrx_word' id='word_1_97' title='bbox 900 1897 1063 1962; x_wconf 87' lang='lat' dir='ltr'><strong>meretrici</strong></span> <span class='ocrx_word' id='word_1_98' title='bbox 1086 1898 1148 1963; x_wconf 87' lang='lat' dir='ltr'><strong>hoc</strong></span> <span class='ocrx_word' id='word_1_99' title='bbox 1170 1919 1294 1962; x_wconf 92' lang='lat' dir='ltr'><strong>nomen</strong></span> <span class='ocrx_word' id='word_1_100' title='bbox 1318 1903 1377 1964; x_wconf 89' lang='lat' dir='ltr'><strong>est</strong></span> <span class='ocrx_word' id='word_1_101' title='bbox 1461 1885 1462 1889; x_wconf 23' lang='lat'>¹</span> 
     </span>
     <span class='ocr_line' id='line_1_14' title="bbox 194 2012 1376 2098; baseline 0.003 -22"><span class='ocrx_word' id='word_1_102' title='bbox 194 2015 229 2078; x_wconf 95' lang='lat' dir='ltr'><strong>in</strong></span> <span class='ocrx_word' id='word_1_103' title='bbox 259 2012 396 2077; x_wconf 89' lang='lat' dir='ltr'><strong>Luciani</strong></span> <span class='ocrx_word' id='word_1_104' title='bbox 427 2013 525 2098; x_wconf 81' lang='lat' dir='ltr'><strong>epigr.</strong></span> <span class='ocrx_word' id='word_1_105' title='bbox 558 2012 601 2076; x_wconf 86' lang='lat' dir='ltr'><strong>VI</strong></span> <span class='ocrx_word' id='word_1_106' title='bbox 636 2015 684 2078; x_wconf 78' lang='grc'><strong>17.</strong></span> <span class='ocrx_word' id='word_1_107' title='bbox 740 2013 804 2077; x_wconf 82' lang='lat' dir='ltr'><strong>Sed</strong></span> <span class='ocrx_word' id='word_1_108' title='bbox 842 2013 1004 2079; x_wconf 91' lang='lat' dir='ltr'><strong>eiusmodi</strong></span> <span class='ocrx_word' id='word_1_109' title='bbox 1045 2013 1162 2078; x_wconf 93' lang='lat' dir='ltr'><strong>mulier</strong></span> <span class='ocrx_word' id='word_1_110' title='bbox 1203 2033 1285 2077; x_wconf 90' lang='lat' dir='ltr'><strong>num</strong></span> <span class='ocrx_word' id='word_1_111' title='bbox 1317 2015 1376 2080; x_wconf 93' lang='lat' dir='ltr'><strong>hic</strong></span> 
     </span>
     <span class='ocr_line' id='line_1_15' title="bbox 194 2127 1376 2214; baseline 0.002 -22"><span class='ocrx_word' id='word_1_112' title='bbox 194 2127 416 2210; x_wconf 88' lang='lat' dir='ltr'><strong>intellegenda</strong></span> <span class='ocrx_word' id='word_1_113' title='bbox 440 2129 493 2210; x_wconf 85' lang='lat' dir='ltr'><strong>sit,</strong></span> <span class='ocrx_word' id='word_1_114' title='bbox 519 2129 639 2210; x_wconf 91' lang='lat' dir='ltr'><strong>nescio,</strong></span> <span class='ocrx_word' id='word_1_115' title='bbox 665 2128 827 2213; x_wconf 87' lang='lat' dir='ltr'><strong>siquidem</strong></span> <span class='ocrx_word' id='word_1_116' title='bbox 852 2130 953 2193; x_wconf 90' lang='lat' dir='ltr'><strong>etiam</strong></span> <span class='ocrx_word' id='word_1_117' title='bbox 970 2129 1084 2194; x_wconf 88' lang='lat' dir='ltr'><strong>Attica</strong></span> <span class='ocrx_word' id='word_1_118' title='bbox 1100 2128 1271 2194; x_wconf 78' lang='lat' dir='ltr'><strong>comoedia</strong></span> <span class='ocrx_word' id='word_1_119' title='bbox 1288 2131 1376 2214; x_wconf 90' lang='lat' dir='ltr'><strong>quin</strong></span> 
     </span>
     <span class='ocr_line' id='line_1_16' title="bbox 194 2242 1375 2330; baseline 0.001 -21"><span class='ocrx_word' id='word_1_120' title='bbox 194 2245 339 2330; x_wconf 87' lang='lat' dir='ltr'><strong>potuerit</strong></span> <span class='ocrx_word' id='word_1_121' title='bbox 355 2242 453 2309; x_wconf 89' lang='lat' dir='ltr'><strong>titulo</strong></span> <span class='ocrx_word' id='word_1_122' title='bbox 474 2242 602 2330; x_wconf 88' lang='lat' dir='ltr'><strong>„puella</strong></span> <span class='ocrx_word' id='word_1_123' title='bbox 619 2245 749 2308; x_wconf 86' lang='lat' dir='ltr'><strong>Attica“</strong></span> <span class='ocrx_word' id='word_1_124' title='bbox 770 2245 888 2325; x_wconf 90' lang='lat' dir='ltr'><strong>ornari,</strong></span> <span class='ocrx_word' id='word_1_125' title='bbox 907 2266 973 2309; x_wconf 92' lang='lat' dir='ltr'><strong>non</strong></span> <span class='ocrx_word' id='word_1_126' title='bbox 990 2244 1168 2325; x_wconf 80' lang='lat' dir='ltr'><strong>dubitabit,</strong></span> <span class='ocrx_word' id='word_1_127' title='bbox 1186 2245 1242 2330; x_wconf 88' lang='lat' dir='ltr'><strong>qui</strong></span> <span class='ocrx_word' id='word_1_128' title='bbox 1255 2244 1375 2310; x_wconf 90' lang='lat' dir='ltr'><strong>Plauti</strong></span> 
     </span>
     <span class='ocr_line' id='line_1_17' title="bbox 194 2358 1147 2446; baseline 0.001 -21"><span class='ocrx_word' id='word_1_129' title='bbox 194 2359 248 2425; x_wconf 91' lang='lat' dir='ltr'><strong>vel</strong></span> <span class='ocrx_word' id='word_1_130' title='bbox 272 2360 382 2446; x_wconf 88' lang='lat' dir='ltr'><strong>potius</strong></span> <span class='ocrx_word' id='word_1_131' title='bbox 406 2358 529 2444; x_wconf 87' lang='lat' dir='ltr'><strong>DiphiIi</strong></span> <span class='ocrx_word' id='word_1_132' title='bbox 552 2358 716 2424; x_wconf 83' lang='lat' dir='ltr'><strong>Rudentis</strong></span> <span class='ocrx_word' id='word_1_133' title='bbox 741 2360 928 2441; x_wconf 90' lang='lat' dir='ltr'><strong>argumenti</strong></span> <span class='ocrx_word' id='word_1_134' title='bbox 951 2359 1147 2426; x_wconf 87' lang='lat' dir='ltr'><strong>meminerit.</strong></span> 
     </span>
    </p>

    <p class='ocr_par' dir='ltr' id='par_1_5' title="bbox 284 2473 1374 2560">
     <span class='ocr_line' id='line_1_18' title="bbox 284 2473 1374 2560; baseline 0.001 -21"><span class='ocrx_word' id='word_1_135' title='bbox 284 2476 383 2540; x_wconf 88' lang='lat' dir='ltr'><strong>Porro</strong></span> <span class='ocrx_word' id='word_1_136' title='bbox 407 2473 730 2539; x_wconf 87' lang='lat' dir='ltr'><strong>commemorandum</strong></span> <span class='ocrx_word' id='word_1_137' title='bbox 752 2476 853 2540; x_wconf 89' lang='lat' dir='ltr'><strong>estin</strong></span> <span class='ocrx_word' id='word_1_138' title='bbox 870 2474 978 2560; x_wconf 89' lang='lat' dir='ltr'><strong>lapide</strong></span> <span class='ocrx_word' id='word_1_139' title='bbox 1002 2473 1057 2539; x_wconf 85' lang='lat' dir='ltr'><strong>IG</strong></span> <span class='ocrx_word' id='word_1_140' title='bbox 1080 2475 1108 2538; x_wconf 93' lang='lat' dir='ltr'><strong>II</strong></span> <span class='ocrx_word' id='word_1_141' title='bbox 1133 2475 1231 2539; x_wconf 68' lang='lat'>9751]</span> <span class='ocrx_word' id='word_1_142' title='bbox 1255 2474 1374 2540; x_wconf 80' lang='lat' dir='ltr'><strong>Koch-</strong></span> 
     </span>
    </p>
   </div>
   <div class='ocr_carea' id='block_1_5' title="bbox 98 2587 1373 2676">
    <p class='ocr_par' dir='ltr' id='par_1_6' title="bbox 98 2587 1373 2676">
     <span class='ocr_line' id='line_1_19' title="bbox 98 2587 1373 2676; baseline 0.002 -22"><span class='ocrx_word' id='word_1_143' title='bbox 98 2657 101 2662; x_wconf 67' lang='lat'><strong>,</strong></span> <span class='ocrx_word' id='word_1_144' title='bbox 196 2589 299 2654; x_wconf 86' lang='lat' dir='ltr'><strong>lerum</strong></span> <span class='ocrx_word' id='word_1_145' title='bbox 327 2587 482 2676; x_wconf 68' lang='lat' dir='ltr'><strong>&#39;Arlbteu</strong></span> <span class='ocrx_word' id='word_1_146' title='bbox 515 2589 731 2675; x_wconf 85' lang='lat' dir='ltr'><strong>supplevisse,</strong></span> <span class='ocrx_word' id='word_1_147' title='bbox 763 2590 941 2676; x_wconf 80' lang='lat' dir='ltr'><strong>Cappsium</strong></span> <span class='ocrx_word' id='word_1_148' title='bbox 965 2593 1048 2674; x_wconf 73' lang='lat' dir='ltr'><strong>(Am.</strong></span> <span class='ocrx_word' id='word_1_149' title='bbox 1072 2589 1186 2655; x_wconf 80' lang='lat' dir='ltr'><strong>Ioum.</strong></span> <span class='ocrx_word' id='word_1_150' title='bbox 1212 2587 1246 2654; x_wconf 85' lang='lat' dir='ltr'><strong>of</strong></span> <span class='ocrx_word' id='word_1_151' title='bbox 1269 2589 1373 2656; x_wconf 89' lang='lat' dir='ltr'><strong>Arch.</strong></span> 
     </span>
    </p>
   </div>
   <div class='ocr_carea' id='block_1_6' title="bbox 194 2702 1375 3829">
    <p class='ocr_par' dir='ltr' id='par_1_7' title="bbox 194 2702 1375 3599">
     <span class='ocr_line' id='line_1_20' title="bbox 195 2702 1375 2792; baseline 0.002 -24"><span class='ocrx_word' id='word_1_152' title='bbox 195 2704 240 2768; x_wconf 87' lang='lat' dir='ltr'><strong>IV</strong></span> <span class='ocrx_word' id='word_1_153' title='bbox 264 2702 371 2792; x_wconf 73' lang='lat'>[1900]</span> <span class='ocrx_word' id='word_1_154' title='bbox 397 2706 439 2768; x_wconf 90' lang='grc'><strong>86</strong></span> <span class='ocrx_word' id='word_1_155' title='bbox 456 2705 515 2791; x_wconf 86' lang='lat' dir='ltr'><strong>sq.)</strong></span> <span class='ocrx_word' id='word_1_156' title='bbox 540 2704 672 2769; x_wconf 91' lang='lat' dir='ltr'><strong>nomine</strong></span> <span class='ocrx_word' id='word_1_157' title='bbox 689 2704 836 2769; x_wconf 90' lang='lat' dir='ltr'><strong>Alexidis</strong></span> <span class='ocrx_word' id='word_1_158' title='bbox 861 2704 973 2770; x_wconf 88' lang='lat' dir='ltr'><strong>addito</strong></span> <span class='ocrx_word' id='word_1_159' title='bbox 992 2704 1031 2769; x_wconf 91' lang='lat' dir='ltr'><strong>de</strong></span> <span class='ocrx_word' id='word_1_160' title='bbox 1051 2703 1238 2769; x_wconf 89' lang='lat' dir='ltr'><strong>illafabula</strong></span> <span class='ocrx_word' id='word_1_161' title='bbox 1253 2705 1375 2770; x_wconf 87' lang='lat' dir='ltr'><strong>Atthis</strong></span> 
     </span>
     <span class='ocr_line' id='line_1_21' title="bbox 195 2818 1375 2905; baseline 0.001 -20"><span class='ocrx_word' id='word_1_162' title='bbox 195 2820 373 2901; x_wconf 78' lang='lat' dir='ltr'><strong>cogitasse3</strong></span> <span class='ocrx_word' id='word_1_163' title='bbox 398 2820 535 2884; x_wconf 85' lang='lat' dir='ltr'><strong>sirecte</strong></span> <span class='ocrx_word' id='word_1_164' title='bbox 560 2819 748 2905; x_wconf 91' lang='lat' dir='ltr'><strong>suppletum</strong></span> <span class='ocrx_word' id='word_1_165' title='bbox 773 2823 833 2902; x_wconf 86' lang='lat' dir='ltr'><strong>est,</strong></span> <span class='ocrx_word' id='word_1_166' title='bbox 864 2820 959 2884; x_wconf 87' lang='lat' dir='ltr'><strong>initio</strong></span> <span class='ocrx_word' id='word_1_167' title='bbox 991 2820 1080 2885; x_wconf 89' lang='lat' dir='ltr'><strong>tertii</strong></span> <span class='ocrx_word' id='word_1_168' title='bbox 1112 2819 1236 2884; x_wconf 86' lang='lat' dir='ltr'><strong>saeculi</strong></span> <span class='ocrx_word' id='word_1_169' title='bbox 1268 2818 1375 2886; x_wconf 88' lang='lat' dir='ltr'><strong>docta</strong></span> 
     </span>
     <span class='ocr_line' id='line_1_22' title="bbox 195 2933 1374 3021; baseline 0 -19"><span class='ocrx_word' id='word_1_170' title='bbox 195 2939 247 3002; x_wconf 89' lang='lat' dir='ltr'><strong>est</strong></span> <span class='ocrx_word' id='word_1_171' title='bbox 270 2934 439 3001; x_wconf 90' lang='lat' dir='ltr'><strong>comoedia</strong></span> <span class='ocrx_word' id='word_1_172' title='bbox 463 2934 655 3021; x_wconf 89' lang='lat' dir='ltr'><strong>(secundum</strong></span> <span class='ocrx_word' id='word_1_173' title='bbox 680 2935 856 3021; x_wconf 83' lang='lat' dir='ltr'><strong>Cappsium</strong></span> <span class='ocrx_word' id='word_1_174' title='bbox 880 2957 910 3001; x_wconf 91' lang='lat' dir='ltr'><strong>a.</strong></span> <span class='ocrx_word' id='word_1_175' title='bbox 936 2937 997 3000; x_wconf 80' lang='grc'><strong>881</strong></span> <span class='ocrx_word' id='word_1_176' title='bbox 1024 2935 1078 2999; x_wconf 90' lang='lat' dir='ltr'><strong>vel</strong></span> <span class='ocrx_word' id='word_1_177' title='bbox 1102 2934 1188 3021; x_wconf 80' lang='grc'>286).</span> <span class='ocrx_word' id='word_1_178' title='bbox 1225 2933 1292 2999; x_wconf 85' lang='lat' dir='ltr'><strong>Sed</strong></span> <span class='ocrx_word' id='word_1_179' title='bbox 1318 2957 1374 3002; x_wconf 90' lang='lat' dir='ltr'><strong>res</strong></span> 
     </span>
     <span class='ocr_line' id='line_1_23' title="bbox 194 3049 1375 3137; baseline 0 -21"><span class='ocrx_word' id='word_1_180' title='bbox 194 3053 321 3117; x_wconf 90' lang='lat' dir='ltr'><strong>incerta</strong></span> <span class='ocrx_word' id='word_1_181' title='bbox 352 3055 415 3133; x_wconf 82' lang='lat' dir='ltr'><strong>est3</strong></span> <span class='ocrx_word' id='word_1_182' title='bbox 451 3072 510 3132; x_wconf 87' lang='lat' dir='ltr'><strong>ego</strong></span> <span class='ocrx_word' id='word_1_183' title='bbox 541 3049 674 3134; x_wconf 90' lang='lat' dir='ltr'><strong>quidem</strong></span> <span class='ocrx_word' id='word_1_184' title='bbox 705 3054 822 3137; x_wconf 91' lang='lat' dir='ltr'><strong>quarto</strong></span> <span class='ocrx_word' id='word_1_185' title='bbox 855 3050 986 3115; x_wconf 89' lang='lat' dir='ltr'><strong>saeculo</strong></span> <span class='ocrx_word' id='word_1_186' title='bbox 1017 3050 1168 3115; x_wconf 84' lang='lat' dir='ltr'><strong>fabulam</strong></span> <span class='ocrx_word' id='word_1_187' title='bbox 1196 3049 1375 3132; x_wconf 87' lang='lat' dir='ltr'><strong>assignare</strong></span> 
     </span>
     <span class='ocr_line' id='line_1_24' title="bbox 196 3160 1375 3253; baseline -0.003 -21"><span class='ocrx_word' id='word_1_188' title='bbox 196 3168 282 3232; x_wconf 90' lang='lat' dir='ltr'><strong>malo</strong></span> <span class='ocrx_word' id='word_1_189' title='bbox 299 3170 431 3253; x_wconf 87' lang='lat' dir='ltr'><strong>propter</strong></span> <span class='ocrx_word' id='word_1_190' title='bbox 447 3166 671 3249; x_wconf 79' lang='lat' dir='ltr'><strong>fragmentum</strong></span> <span class='ocrx_word' id='word_1_191' title='bbox 688 3168 729 3230; x_wconf 75' lang='lat'><strong>27</strong></span> <span class='ocrx_word' id='word_1_192' title='bbox 746 3166 816 3248; x_wconf 81' lang='lat' dir='ltr'><strong>Ko,</strong></span> <span class='ocrx_word' id='word_1_193' title='bbox 842 3188 905 3253; x_wconf 89' lang='lat' dir='ltr'><strong>quo</strong></span> <span class='ocrx_word' id='word_1_194' title='bbox 930 3160 964 3232; x_wconf 80' lang='grc' dir='ltr'><strong>τὸ</strong></span> <span class='ocrx_word' id='word_1_195' title='bbox 989 3165 1125 3252; x_wconf 74' lang='grc' dir='ltr'>ἔμψυχον</span> <span class='ocrx_word' id='word_1_196' title='bbox 1149 3162 1232 3231; x_wconf 77' lang='grc' dir='ltr'>οὐδὲν</span> <span class='ocrx_word' id='word_1_197' title='bbox 1256 3165 1375 3231; x_wconf 59' lang='lat' dir='ltr'><strong>dobiae</strong></span> 
     </span>
     <span class='ocr_line' id='line_1_25' title="bbox 195 3279 1372 3367; baseline 0 -21"><span class='ocrx_word' id='word_1_198' title='bbox 195 3282 357 3347; x_wconf 81' lang='lat' dir='ltr'><strong>illuditur:</strong></span> <span class='ocrx_word' id='word_1_199' title='bbox 382 3282 444 3346; x_wconf 92' lang='lat' dir='ltr'><strong>hoc</strong></span> <span class='ocrx_word' id='word_1_200' title='bbox 468 3303 543 3345; x_wconf 87' lang='lat' dir='ltr'><strong>cum</strong></span> <span class='ocrx_word' id='word_1_201' title='bbox 559 3282 842 3367; x_wconf 86' lang='lat' dir='ltr'><strong>Pythagoreorum</strong></span> <span class='ocrx_word' id='word_1_202' title='bbox 867 3282 1014 3347; x_wconf 91' lang='lat' dir='ltr'><strong>irrisione</strong></span> <span class='ocrx_word' id='word_1_203' title='bbox 1032 3283 1205 3347; x_wconf 88' lang='lat' dir='ltr'><strong>cohaerere</strong></span> <span class='ocrx_word' id='word_1_204' title='bbox 1222 3279 1372 3365; x_wconf 86' lang='lat' dir='ltr'><strong>videtur,</strong></span> 
     </span>
     <span class='ocr_line' id='line_1_26' title="bbox 194 3395 1375 3483; baseline 0.003 -23"><span class='ocrx_word' id='word_1_205' title='bbox 194 3399 229 3461; x_wconf 91' lang='lat' dir='ltr'><strong>in</strong></span> <span class='ocrx_word' id='word_1_206' title='bbox 259 3419 326 3481; x_wconf 83' lang='lat' dir='ltr'><strong>qua</strong></span> <span class='ocrx_word' id='word_1_207' title='bbox 357 3396 484 3461; x_wconf 90' lang='lat' dir='ltr'><strong>mediae</strong></span> <span class='ocrx_word' id='word_1_208' title='bbox 516 3395 703 3462; x_wconf 89' lang='lat' dir='ltr'><strong>comoediae</strong></span> <span class='ocrx_word' id='word_1_209' title='bbox 735 3398 909 3483; x_wconf 88' lang='lat' dir='ltr'><strong>scriptores</strong></span> <span class='ocrx_word' id='word_1_210' title='bbox 940 3397 1037 3462; x_wconf 90' lang='lat' dir='ltr'><strong>multi</strong></span> <span class='ocrx_word' id='word_1_211' title='bbox 1066 3397 1220 3477; x_wconf 87' lang='lat' dir='ltr'><strong>fuerunt,</strong></span> <span class='ocrx_word' id='word_1_212' title='bbox 1256 3417 1375 3463; x_wconf 88' lang='lat' dir='ltr'><strong>novae</strong></span> 
     </span>
     <span class='ocr_line' id='line_1_27' title="bbox 195 3513 513 3599; baseline -0.003 -22"><span class='ocrx_word' id='word_1_213' title='bbox 195 3517 309 3577; x_wconf 89' lang='lat' dir='ltr'><strong>tacent</strong></span> <span class='ocrx_word' id='word_1_214' title='bbox 333 3513 383 3599; x_wconf 83' lang='lat' dir='ltr'><strong>(cl.</strong></span> <span class='ocrx_word' id='word_1_215' title='bbox 401 3535 431 3598; x_wconf 92' lang='lat' dir='ltr'><strong>p.</strong></span> <span class='ocrx_word' id='word_1_216' title='bbox 450 3514 513 3599; x_wconf 73' lang='lat'><strong>97).</strong></span> 
     </span>
    </p>

    <p class='ocr_par' dir='ltr' id='par_1_8' title="bbox 196 3621 1375 3829">
     <span class='ocr_line' id='line_1_28' title="bbox 284 3621 1373 3711; baseline 0.004 -20"><span class='ocrx_word' id='word_1_217' title='bbox 284 3626 406 3692; x_wconf 83' lang='lat' dir='ltr'><strong>SimiIis</strong></span> <span class='ocrx_word' id='word_1_218' title='bbox 431 3631 483 3691; x_wconf 91' lang='lat' dir='ltr'><strong>est</strong></span> <span class='ocrx_word' id='word_1_219' title='bbox 507 3627 654 3692; x_wconf 86' lang='lat' dir='ltr'><strong>eiusdem</strong></span> <span class='ocrx_word' id='word_1_220' title='bbox 678 3628 874 3693; x_wconf 90' lang='lat' dir='ltr'><strong>Alexidis</strong></span> <span class='ocrx_word' id='word_1_221' title='bbox 899 3628 1018 3693; x_wconf 88' lang='lat' dir='ltr'><strong>titulus</strong></span> <span class='ocrx_word' id='word_1_222' title='bbox 1037 3621 1222 3711; x_wconf 73' lang='grc' dir='ltr'>Ἑλληνίς</span> <span class='ocrx_word' id='word_1_223' title='bbox 1252 3627 1373 3711; x_wconf 90' lang='lat' dir='ltr'><strong>(Mein.</strong></span> 
     </span>
     <span class='ocr_line' id='line_1_29' title="bbox 196 3742 1375 3829; baseline 0.002 -23"><span class='ocrx_word' id='word_1_224' title='bbox 196 3743 227 3810; x_wconf 89' lang='lat' dir='ltr'><strong>h.</strong></span> <span class='ocrx_word' id='word_1_225' title='bbox 245 3765 287 3808; x_wconf 91' lang='lat' dir='ltr'><strong>cr.</strong></span> <span class='ocrx_word' id='word_1_226' title='bbox 309 3744 385 3824; x_wconf 76' lang='lat'><strong>3993</strong></span> <span class='ocrx_word' id='word_1_227' title='bbox 410 3743 470 3808; x_wconf 86' lang='lat' dir='ltr'><strong>Ko.</strong></span> <span class='ocrx_word' id='word_1_228' title='bbox 491 3742 519 3805; x_wconf 96' lang='lat' dir='ltr'><strong>II</strong></span> <span class='ocrx_word' id='word_1_229' title='bbox 538 3743 632 3827; x_wconf 66' lang='lat' dir='ltr'><strong>eall:</strong></span> <span class='ocrx_word' id='word_1_230' title='bbox 658 3764 764 3827; x_wconf 84' lang='lat' dir='ltr'><strong>neque</strong></span> <span class='ocrx_word' id='word_1_231' title='bbox 784 3765 859 3807; x_wconf 89' lang='lat' dir='ltr'><strong>eum</strong></span> <span class='ocrx_word' id='word_1_232' title='bbox 879 3765 936 3828; x_wconf 92' lang='lat' dir='ltr'><strong>pro</strong></span> <span class='ocrx_word' id='word_1_233' title='bbox 959 3744 1091 3808; x_wconf 91' lang='lat' dir='ltr'><strong>nomine</strong></span> <span class='ocrx_word' id='word_1_234' title='bbox 1111 3743 1238 3829; x_wconf 89' lang='lat' dir='ltr'><strong>proprio</strong></span> <span class='ocrx_word' id='word_1_235' title='bbox 1258 3742 1375 3808; x_wconf 92' lang='lat' dir='ltr'><strong>habu-</strong></span> 
     </span>
    </p>
   </div>
   <div class='ocr_carea' id='block_1_7' title="bbox 195 3856 1373 4040">
    <p class='ocr_par' dir='ltr' id='par_1_9' title="bbox 195 3856 1373 4040">
     <span class='ocr_line' id='line_1_30' title="bbox 196 3856 1373 3943; baseline 0.002 -20"><span class='ocrx_word' id='word_1_236' title='bbox 196 3859 285 3939; x_wconf 89' lang='lat' dir='ltr'><strong>erim,</strong></span> <span class='ocrx_word' id='word_1_237' title='bbox 319 3859 412 3922; x_wconf 90' lang='lat' dir='ltr'><strong>cuius</strong></span> <span class='ocrx_word' id='word_1_238' title='bbox 444 3879 546 3921; x_wconf 91' lang='lat' dir='ltr'><strong>unum</strong></span> <span class='ocrx_word' id='word_1_239' title='bbox 578 3858 656 3922; x_wconf 84' lang='lat' dir='ltr'><strong>novi</strong></span> <span class='ocrx_word' id='word_1_240' title='bbox 680 3858 876 3943; x_wconf 86' lang='lat' dir='ltr'><strong>exemplum,</strong></span> <span class='ocrx_word' id='word_1_241' title='bbox 895 3856 1038 3934; x_wconf 73' lang='grc' dir='ltr'>Ἕλλανίς</span> <span class='ocrx_word' id='word_1_242' title='bbox 1059 3857 1180 3940; x_wconf 89' lang='lat' dir='ltr'><strong>Agath.</strong></span> <span class='ocrx_word' id='word_1_243' title='bbox 1206 3856 1241 3920; x_wconf 91' lang='lat' dir='ltr'><strong>in</strong></span> <span class='ocrx_word' id='word_1_244' title='bbox 1264 3860 1373 3925; x_wconf 89' lang='lat' dir='ltr'><strong>Anth.</strong></span> 
     </span>
     <span class='ocr_line' id='line_1_31' title="bbox 195 3973 450 4040; baseline 0 -3"><span class='ocrx_word' id='word_1_245' title='bbox 195 3974 265 4040; x_wconf 89' lang='lat' dir='ltr'><strong>Pal.</strong></span> <span class='ocrx_word' id='word_1_246' title='bbox 289 3973 348 4037; x_wconf 86' lang='lat' dir='ltr'><strong>VII</strong></span> <span class='ocrx_word' id='word_1_247' title='bbox 377 3974 450 4037; x_wconf 82' lang='grc'>614.</span> 
     </span>
    </p>
   </div>
   <div class='ocr_carea' id='block_1_8' title="bbox 196 4220 1375 4467">
    <p class='ocr_par' dir='ltr' id='par_1_10' title="bbox 196 4220 1375 4467">
     <span class='ocr_line' id='line_1_32' title="bbox 302 4220 1375 4290; baseline 0.004 -17"><span class='ocrx_word' id='word_1_248' title='bbox 302 4221 346 4282; x_wconf 75' lang='lat'><strong>⁴¹⁴)</strong></span> <span class='ocrx_word' id='word_1_249' title='bbox 365 4222 404 4273; x_wconf 61' lang='lat' dir='ltr'><strong>(Il.</strong></span> <span class='ocrx_word' id='word_1_250' title='bbox 434 4224 517 4273; x_wconf 78' lang='lat' dir='ltr'><strong>Arist.</strong></span> <span class='ocrx_word' id='word_1_251' title='bbox 546 4221 625 4287; x_wconf 80' lang='lat' dir='ltr'><strong>Run,</strong></span> <span class='ocrx_word' id='word_1_252' title='bbox 654 4223 798 4290; x_wconf 87' lang='lat' dir='ltr'><strong>Phrynichi</strong></span> <span class='ocrx_word' id='word_1_253' title='bbox 828 4220 939 4273; x_wconf 74' lang='grc' dir='ltr'><strong>Μιῐσται</strong></span> <span class='ocrx_word' id='word_1_254' title='bbox 958 4223 1006 4274; x_wconf 90' lang='lat' dir='ltr'><strong>Ko.</strong></span> <span class='ocrx_word' id='word_1_255' title='bbox 1031 4223 1119 4276; x_wconf 76' lang='lat'>1380.</span> <span class='ocrx_word' id='word_1_256' title='bbox 1158 4222 1297 4275; x_wconf 85' lang='lat' dir='ltr'><strong>Dicterich</strong></span> <span class='ocrx_word' id='word_1_257' title='bbox 1319 4223 1375 4278; x_wconf 89' lang='lat' dir='ltr'><strong>Rh.</strong></span> 
     </span>
     <span class='ocr_line' id='line_1_33' title="bbox 196 4311 1169 4379; baseline 0.002 -17"><span class='ocrx_word' id='word_1_258' title='bbox 196 4312 263 4362; x_wconf 81' lang='lat' dir='ltr'><strong>blus.</strong></span> <span class='ocrx_word' id='word_1_259' title='bbox 284 4311 396 4362; x_wconf 80' lang='lat' dir='ltr'>XLVIII</span> <span class='ocrx_word' id='word_1_260' title='bbox 416 4312 508 4376; x_wconf 81' lang='grc'>(1893)</span> <span class='ocrx_word' id='word_1_261' title='bbox 527 4312 579 4365; x_wconf 71' lang='grc' dir='ltr'><strong>2ῖό</strong></span> <span class='ocrx_word' id='word_1_262' title='bbox 598 4327 668 4377; x_wconf 70' lang='lat' dir='ltr'><strong>squ,</strong></span> <span class='ocrx_word' id='word_1_263' title='bbox 690 4313 767 4363; x_wconf 87' lang='lat' dir='ltr'><strong>Ilelm</strong></span> <span class='ocrx_word' id='word_1_264' title='bbox 787 4312 888 4363; x_wconf 85' lang='lat' dir='ltr'><strong>Lucian</strong></span> <span class='ocrx_word' id='word_1_265' title='bbox 908 4329 933 4364; x_wconf 92' lang='grc'><strong>6.</strong></span> <span class='ocrx_word' id='word_1_266' title='bbox 954 4313 1064 4379; x_wconf 79' lang='lat' dir='ltr'><strong>hlcnipp</strong></span> <span class='ocrx_word' id='word_1_267' title='bbox 1084 4328 1108 4378; x_wconf 89' lang='lat' dir='ltr'><strong>p.</strong></span> <span class='ocrx_word' id='word_1_268' title='bbox 1128 4312 1169 4366; x_wconf 81' lang='grc'><strong>71.</strong></span> 
     </span>
     <span class='ocr_line' id='line_1_34' title="bbox 302 4398 1074 4467; baseline 0.003 -17"><span class='ocrx_word' id='word_1_269' title='bbox 302 4398 346 4461; x_wconf 74' lang='lat'><strong>⁴¹⁵)</strong></span> <span class='ocrx_word' id='word_1_270' title='bbox 366 4400 406 4451; x_wconf 68' lang='lat' dir='ltr'><strong>(tf.</strong></span> <span class='ocrx_word' id='word_1_271' title='bbox 426 4400 459 4451; x_wconf 83' lang='lat' dir='ltr'><strong>fr.</strong></span> <span class='ocrx_word' id='word_1_272' title='bbox 482 4402 545 4467; x_wconf 69' lang='lat'><strong>1653</strong></span> <span class='ocrx_word' id='word_1_273' title='bbox 565 4403 644 4452; x_wconf 74' lang='lat' dir='ltr'><strong>Suess</strong></span> <span class='ocrx_word' id='word_1_274' title='bbox 664 4401 732 4452; x_wconf 80' lang='lat' dir='ltr'><strong>Iliss.</strong></span> <span class='ocrx_word' id='word_1_275' title='bbox 753 4409 785 4465; x_wconf 74' lang='lat' dir='ltr'><strong>(v.</strong></span> <span class='ocrx_word' id='word_1_276' title='bbox 806 4400 868 4453; x_wconf 88' lang='lat' dir='ltr'><strong>adn.</strong></span> <span class='ocrx_word' id='word_1_277' title='bbox 890 4402 951 4467; x_wconf 72' lang='lat'>147)</span> <span class='ocrx_word' id='word_1_278' title='bbox 971 4417 995 4466; x_wconf 86' lang='lat' dir='ltr'><strong>p.</strong></span> <span class='ocrx_word' id='word_1_279' title='bbox 1015 4400 1074 4452; x_wconf 74' lang='lat'>129.</span> 
     </span>
    </p>
   </div>
   <div class='ocr_carea' id='block_1_9' title="bbox 0 0 1572 5024">
    <p class='ocr_par' dir='ltr' id='par_1_11' title="bbox 0 0 1572 5024">
     <span class='ocr_line' id='line_1_35' title="bbox 0 0 1572 5024; baseline 0 0"><span class='ocrx_word' id='word_1_280' title='bbox 0 0 1572 5024; x_wconf 95' lang='lat' dir='ltr'><strong> </strong></span> 
     </span>
    </p>
   </div>
  </div>
 </body>
</html>
