3136 5024
651 256 827 311 -τ65-

153 434 412 502 Atheniensibus
447 432 743 522 adhibebaturffl)
782 406 1016 500 Nobilissimus
1050 438 1163 500 autern
1194 435 1245 499 vir
1275 436 1324 500 sic

153 550 343 617 nominatus
368 553 440 614 erat
455 549 636 627 Aesohrion
652 548 706 614 ille
723 547 910 633 ίαμβοποιός,
922 549 972 634 ¹⁶⁸)
992 549 1152 634 aequalis,
1176 554 1216 615 ut
1230 527 1323 616 vide-

151 673 214 748 tur,
239 664 436 744 Aristotelis
461 685 559 750 quem
583 664 636 729 hic
660 664 838 747 significari
862 664 1002 729 forsitan
1027 664 1147 749 aliquis
1171 666 1322 732 coniciat.

151 783 276 846 Tamen
298 780 432 866 propius
456 778 499 845 ad
528 801 645 844 verum
676 781 790 866 opinor
817 801 892 845 eum
924 779 1087 862 accedere,
1119 781 1175 866 qui
1205 782 1322 846 fictum

151 917 269 962 nomen
299 899 405 982 putet,
435 895 562 961 homini
591 896 680 981 turpi
712 917 733 960 a
755 899 856 981 poeta
889 895 968 961 ficto
1004 895 1156 978 inditum,
1193 896 1323 962 collatis

150 1012 256 1077 titulis
273 1010 440 1079 ΑΙΣΧΡΑ
456 1009 700 1076 Anaxandridis
714 1013 748 1077 et
760 1011 946 1097 Euphronis
964 1011 1017 1095 (cf.
1032 1011 1140 1097 infra),
1164 1011 1321 1079 Κάλλαισ-

148 1148 221 1211 χρος
250 1127 451 1212 Theopompi
475 1129 509 1191 et
532 1125 722 1212 Ophelionis
754 1125 805 1210 (cf.
830 1148 931 1213 supra
954 1148 983 1212 p.
1009 1128 1051 1192 52
1075 1128 1135 1215 sq.)
1168 1148 1228 1192 nec
1255 1148 1321 1193 non
1385 1211 1388 1215 .

151 1242 270 1331 Αἰσχέρ
292 1242 358 1324 illo,
384 1263 481 1326 quem
505 1242 541 1306 in
563 1241 680 1306 fabula
704 1240 888 1328 Φιλάργυρος
917 1242 1076 1328 inscripta
1099 1243 1133 1306 in
1164 1264 1321 1308 scaenam

149 1358 286 1423 immisit
324 1357 507 1443 Dioxippus
543 1362 643 1443 poeta
675 1357 828 1423 comicus
841 1357 894 1441 169)
941 1358 1032 1437 Quae
1064 1359 1233 1424 sententia
1263 1379 1321 1444 pro

148 1494 229 1539 vera
262 1476 375 1559 posset
402 1472 574 1555 affirmari,
606 1473 668 1537 nisi
697 1472 828 1538 Caecilii
856 1471 955 1538 Statii
987 1472 1174 1539 comoediae
1202 1474 1321 1539 titulus

150 1589 305 1654 Aeschrio
322 1609 432 1654 merae
456 1588 664 1654 coniecturae
681 1587 855 1653 deberetur
871 1588 1041 1654 Meinekii:
1065 1587 1223 1655 laudatur
1239 1589 1322 1654 haec

148 1704 265 1771 fabula
292 1726 314 1770 a
339 1704 509 1770 veteribus
533 1704 666 1769 nomine
690 1704 826 1769 Aethrio
851 1705 913 1791 (sic
936 1708 986 1770 ter
1003 1726 1024 1770 a
1040 1705 1149 1786 Festo,
1175 1704 1276 1769 semel
1300 1726 1321 1769 a

147 1817 520 1906 Noni03apudDiomed.
530 1817 680 1884 nonnulli
689 1817 1319 1906 codd.hahentetherioneetetheriore).

254 2012 422 2078 Tredecim
446 2013 530 2078 istos
554 2011 798 2078 comoediarum
819 2012 935 2096 titulos
952 2012 1048 2079 modo
1065 2017 1238 2097 tractatos
1264 2016 1320 2099 qui

147 2129 257 2195 sintne
285 2151 306 2194 a
331 2129 429 2194 certis
458 2128 649 2194 hominibus
678 2127 848 2214 repetendi
871 2150 916 2193 an
941 2149 962 2194 a
984 2129 1073 2195 lictis
1096 2130 1245 2217 personis
1277 2169 1313 2178 —

147 2244 235 2331 quod
264 2244 406 2310 alterum
438 2244 572 2330 saepius
602 2244 699 2310 nobis
728 2243 941 2309 verisimilius
972 2266 1045 2310 esse
1075 2243 1253 2310 videbatur
1275 2285 1318 2292 -

147 2377 398 2444 nonnumquam
428 2381 495 2425 non
526 2363 669 2439 constat,
689 2398 736 2439 ,-
759 2359 896 2425 fuerunt
926 2363 1040 2429 autern
1064 2359 1265 2447 Theopompi
1285 2365 1320 2426 et

145 2475 336 2562 Ophelionis
358 2475 582 2559 Κάλλαισχρος,
606 2476 808 2561 Antiphanis
823 2479 858 2540 et
873 2475 1021 2545 Alexidis
1042 2475 1146 2542 Μίδων
1170 2477 1320 2557 Φιλίσκος,

148 2592 347 2678 Antiphanis
382 2589 539 2676 Γόργνῖιος
577 2588 750 2668 alnetum
787 2589 986 2668 Λεπτινίσκος
1019 2590 1136 2672 Λάκων,
1171 2591 1319 2657 Alexidis

144 2707 297 2783 Λυκίσκος
316 2706 456 2792 Θράσων,
480 2705 601 2771 Eubuli
618 2704 781 2792 Πάμφιλος
798 2706 1017 2791 Παρμενίσκος,
1041 2705 1181 2792 Ephippi
1201 2708 1319 2788 Κύδων,

146 2822 334 2910 Apollodori
369 2820 462 2888 Geloi
497 2820 651 2906 Αἰσχρίων
689 2861 733 2868 -
774 2803 833 2886 eae
868 2842 956 2886 nunc
991 2818 1158 2908 excipiant
1191 2844 1318 2907 paucae

144 2938 291 3021 fabulae,
323 2959 407 3024 quas
431 2960 453 3003 a
476 2937 624 3022 personis
655 2936 744 3002 fictis
772 2936 1004 3001 denominatas
1035 2957 1108 3002 esse
1139 2936 1318 3003 admodum

145 3055 243 3120 certis
267 3053 471 3136 argumentis
495 3056 607 3138 potest
630 3051 859 3118 demonstrari.

494 3228 710 3316 Phrynichi
737 3228 968 3316 Ἐφιάλτης.
991 3299 992 3303 ,

251 3366 368 3462 ΡιάιιιωΔ
392 3365 436 3429 sit
465 3364 645 3451 Phrynichi
674 3363 846 3450 Ephialtes
881 3362 989 3445 (Mein.
1014 3362 1046 3428 h.
1072 3384 1114 3428 cr.
1140 3364 1203 3428 152
1229 3383 1316 3447 sqq.;

143 3481 205 3546 Ko.
226 3481 242 3544 Ἰ
265 3481 330 3546 369
353 3480 446 3566 sqq.),
483 3500 583 3563 quam
613 3478 764 3544 fabulam
799 3478 971 3543 Kaibelius
1007 3478 1170 3560 sagaciter
1205 3476 1317 3542 docuit

251 3692 295 3760 ¹⁶⁷)
315 3692 472 3759 Quindecim
492 3693 563 3758 apud
582 3692 693 3745 Kirchn.
713 3692 773 3745 129
786 3708 823 3758 sq.

252 3781 295 3848 ¹⁶⁸)
322 3782 363 3834 De
390 3798 421 3835 eo
452 3782 486 3836 ct.
516 3781 629 3834 Knaack
658 3781 730 3849 opud
758 3781 955 3834 PW11063.

253 3871 296 3938 ¹⁸⁹)
316 3873 416 3924 Athen.
437 3871 474 3922 Xl
494 3870 575 3923 4121)
595 3896 627 3914 ·--
645 3869 678 3923 fr.
699 3872 715 3922 4
735 3870 796 3934 (Κο.
814 3870 853 3921 111
873 3870 946 3933 359).
978 3869 1097 3921 Kockius
1128 3865 1315 3933 corrigendum

143 3960 249 4030 putavit
268 3959 392 4029 Αἰσχρέα
412 3966 438 4013 et
457 3968 564 4012 secutus
584 3967 624 4012 est
643 3960 794 4024 Kaihelius3
818 3959 866 4010 sed
885 3957 1006 4026 Αἰσχέας
1028 3958 1141 4009 nominis
1161 3955 1315 4022 (quodiam

143 4050 225 4107 Mein.
244 4050 418 4117 restituebat3
438 4054 511 4102 errat
529 4049 608 4102 Kaib.
628 4050 654 4099 in
674 4048 736 4103 adn.
751 4049 809 4100 erit.
823 4046 864 4098 ed.
878 4048 954 4110 Ath.)
969 4048 1091 4112 exempla
1105 4045 1216 4097 Kirchn.
1231 4044 1315 4096 123e

143 4123 278 4207 lapidibus
309 4140 422 4192 collecta
452 4138 533 4190 habet
558 4145 693 4204 quattuor,
720 4136 857 4205 Αἰσχρέας
884 4137 993 4188 nullum.
1026 4134 1110 4200 Quem
1129 4133 1247 4186 Koelrius
1267 4134 1282 4185 l.
1297 4135 1314 4185 l.

142 4226 269 4281 adsciscit
295 4226 433 4296 Αίσχρὲαν
458 4227 567 4288 (Herod.
595 4226 732 4293 V11111),
768 4233 808 4278 est
836 4241 930 4277 revera
958 4223 1109 4292 Αἰσχραῑος
1134 4219 1315 4292 (Λυκομήδης

144 4314 296 4385 Αἰσχραίου
320 4317 432 4370 Kirchn.
452 4327 473 4368 ες
495 4333 533 4368 nr.
553 4315 623 4368 9238
649 4322 675 4367 et
693 4316 766 4378 377).
804 4314 940 4382 Αἰσχρέας
969 4314 1066 4379 legitur
1094 4311 1166 4378 apud
1192 4312 1251 4363 Ael.
1272 4326 1313 4376 ep.

142 4412 208 4459 rust.
228 4407 261 4460 17
279 4407 320 4458 tit.
349 4406 389 4459 Cf.
413 4405 446 4457 do
467 4403 595 4457 eiusmodi
617 4404 768 4456 nominibus
791 4402 979 4455 Ficlr-Bechtel
999 4418 1024 4468 p.
1038 4401 1080 4453 49.
1197 4470 1199 4474 λ

1223 4506 1239 4541 o
