3136 5024
697 253 871 305 -50-

199 434 313 496 autern
325 429 360 492 in
372 428 482 494 media
498 449 652 513 novaque
669 427 838 494 comoedia
853 427 1029 493 florebant.
1043 428 1093 516 148)
1116 427 1223 514 Ipsius
1239 428 1376 515 quidem

199 545 378 610 Thrasonis
402 544 545 616 nominis
569 543 660 608 aliud
682 545 717 608 in
734 542 861 610 Graeca
885 542 1054 609 comoedia
1077 543 1264 629 exemplum
1281 566 1373 630 prae-

199 662 251 726 sto
276 660 356 724 mihi
388 681 454 724 non
485 660 614 746 est;¹⁴⁹)
639 681 717 724 narn
745 659 919 724 Terentius
947 658 1148 724 celeberrimi
1168 659 1233 742 sui,
1258 660 1316 745 qui
1338 660 1376 727 in

199 775 359 841 Eunucho
383 779 495 861 partes
519 776 599 858 agit,
616 774 731 840 militis
747 795 878 858 nornen,
896 773 984 860 quod
999 775 1034 838 in
1051 773 1230 861 exemplari
1246 773 1374 845 Graeco

199 891 367 973 exstabat,
405 892 560 973 mutavit,
592 889 755 975 siquidem
786 887 979 978 στρατιώτης
1021 888 1142 976 ἀλαζώε
1176 889 1373 958 Adulatoris

198 1005 418 1071 Menandreae
449 1027 514 1071 non
546 1006 656 1071 minus
687 1009 764 1092 apte
794 1005 872 1082 Βίας
906 1004 1146 1092 appellabatur.
1160 1006 1210 1093 ¹⁶⁰)
1256 1006 1375 1092 Neque

198 1122 368 1208 sophistae
391 1122 589 1208 posteriores
612 1119 675 1187 hoc
698 1121 830 1187 nomine
854 1121 993 1186 militem
1018 1120 1203 1204 designant.
1216 1122 1267 1210 1Μ)
1308 1121 1376 1188 Sed

198 1257 236 1302 eo
259 1236 486 1322 frequentiora
510 1241 590 1302 sunt
613 1237 680 1303 alia
703 1237 839 1302 nomina
863 1235 1005 1301 eradioe
1026 1239 1124 1310 heae·
1142 1235 1252 1320 ducta,
1277 1238 1376 1304 velut

120 1440 122 1443 Ι
198 1352 402 1437 Θρασωνίδης,
419 1374 483 1437 quo
500 1351 632 1418 nomine
649 1352 743 1417 miles
760 1353 794 1417 in
805 1350 1203 1429 Menandricelebemimo
1221 1351 1376 1434 dramate

307 1625 349 1694 ¹⁴⁸)
368 1627 409 1680 De
428 1628 513 1679 milite
533 1627 648 1693 glorioso
667 1625 739 1694 apud
766 1624 869 1679 mediae
895 1633 989 1695 poetas
1016 1626 1049 1680 cf.
1071 1643 1094 1680 e.
1115 1643 1138 1695 g.
1165 1626 1318 1695 Antiphon.
1337 1627 1376 1681 fr.

198 1715 249 1769 202
263 1715 324 1781 (Kc.
338 1716 364 1767 ll
378 1716 411 1768 97
425 1732 472 1783 sq,
492 1715 622 1768 dramatis
635 1712 809 1784 Στρατιώτης
823 1714 839 1785 ἢ
857 1712 961 1784 rupa»,
982 1716 1015 1767 de
1029 1732 1082 1782 quo
1095 1733 1118 1768 v.
1133 1701 1227 1784 infra),
1246 1715 1377 1770 Alexidis

198 1811 225 1856 et
250 1805 387 1857 Xenarchi
415 1802 565 1857 comoedias
591 1800 765 1874 Σιρατιώτης
788 1806 931 1870 inscriptas
950 1805 1011 1871 (Κο.
1037 1805 1063 1856 ΙΙ
1092 1805 1152 1860 373.
1181 1806 1261 1872 473);
1292 1807 1375 1859 Alex.

197 1892 231 1946 fr.
245 1894 279 1946 62
300 1892 427 1962 (11318);
445 1893 559 1945 Nieostr.
579 1891 613 1946 fr.
627 1895 643 1946 9
663 1894 700 1960 (ll
714 1892 790 1960 222);
809 1893 932 1946 Mnesim.
949 1892 983 1947 fr.
998 1894 1135 1958 701441,
1155 1894 1318 1962 ePhilippo,
1338 1894 1376 1949 cf.

198 1997 280 2050 supra
298 2000 324 2050 p.
338 1982 389 2046 36).
408 2013 444 2021 -
462 1982 579 2049 Dignum
599 1989 638 2034 est
656 1989 806 2034 memoratu
825 1982 940 2034 Militem
953 1982 1157 2049 Antiphaneam
1172 1988 1198 2035 et
1210 1982 1376 2037 Alexideam

197 2069 290 2123 eodem
308 2070 366 2141 fere
385 2078 507 2138 tempore
526 2069 610 2124 videri
638 2072 751 2138 scriptas
778 2087 843 2123 esse.
887 2072 944 2123 lam
970 2071 1099 2138 Engelius
1125 2071 1244 2139 (Kypros
1270 2071 1376 2140 [Berol.

199 2159 277 2228 1841]
297 2160 371 2214 1504
385 2176 422 2227 sq.
437 2161 561 2227 opinatus
575 2167 615 2213 est
628 2160 740 2211 militem
754 2160 839 2227 illum,
858 2161 904 2226 qur
916 2161 943 2212 in
955 2148 1103 2227 Antiphon.
1116 2160 1148 2212 fr.
1160 2160 1376 2214 soescrscnauo

196 2250 264 2301 mira
275 2248 307 2300 de
322 2250 428 2301 luxuria
442 2265 534 2315 regum
548 2250 706 2317 Cypriorum
722 2257 824 2315 narrat,
847 2248 1002 2301 interfuisse
1017 2250 1059 2301 vel
1076 2248 1146 2316 fingi
1159 2247 1318 2302 interfuisse
1332 2252 1375 2304 illi

196 2339 276 2404 bello,
289 2354 341 2404 quo
352 2353 423 2390 anno
432 2338 485 2391 350
492 2355 518 2405 p.
528 2338 590 2391 Chr.
602 2355 626 2390 n.
639 2346 665 2389 et
675 2326 850 2404 sequentibus
858 2337 971 2403 idrieus‚
981 2345 1114 2406 tyrannus
1125 2338 1232 2404 Carum,
1243 2353 1300 2391 una
1311 2355 1375 2393 curn

196 2426 323 2492 Euagora
339 2426 487 2486 Salaminio
512 2432 538 2478 et
558 2427 722 2487 Phocione
742 2427 944 2479 Atheniensi
966 2427 1087 2494 Cyprios,
1107 2428 1153 2494 qui
1166 2427 1200 2478 ab
1215 2429 1374 2482 Artaxerxe

196 2513 270 2566 Ocho
283 2513 445 2582 defecerant,
461 2513 549 2567 denuo
562 2515 683 2567 subicere
694 2516 851 2568 conabatur.
878 2518 968 2582 Atque
982 2516 1079 2567 milites
1090 2516 1279 2582 -participes
1294 2525 1375 2570 erant

196 2619 256 2655 cum
275 2604 321 2655 alii
340 2609 396 2654 tum
416 2610 475 2656 octo
494 2605 568 2656 milia
588 2603 751 2657 Graecorum
771 2605 1016 2656 mercennariorum
1029 2619 1131 2656 -non
1151 2604 1375 2672 aspernabantur

197 2690 333 2757 praedam,
353 2708 421 2759 quae
441 2694 469 2744 in
489 2694 618 2760 opulenta
637 2693 727 2745 insula
751 2695 838 2758 potuit
857 2695 925 2761 capi,
949 2698 1017 2746 teste
1042 2691 1160 2746 Diodoro
1178 2692 1231 2746 Sic.
1251 2693 1318 2746 XVI
1336 2694 1373 2747 42

196 2780 241 2847 (cf.
260 2781 347 2849 Engel
366 2782 492 2848 1.1.346;
511 2777 623 2834 Iudeich
642 2782 762 2834 Kleinas.
778 2781 889 2834 Studien
904 2783 954 2834 133
969 2797 1023 2848 sqq.
1040 2783 1090 2836 171
1101 2783 1162 2848 sq).
1185 2781 1229 2834 Ex
1242 2782 1373 2836 isocratis

195 2869 321 2937 Philippo
340 2871 419 2939 §102
438 2873 519 2937 (quae
533 2871 618 2923 oratio
637 2886 661 2922 a.
674 2871 727 2923 346
747 2872 846 2937 scripta
859 2875 909 2936 est)
927 2871 1035 2936 collegit
1054 2869 1208 2923 Iudeichius
1227 2878 1287 2922 tum
1304 2878 1373 2924 tem-

196 2961 268 3026 poris
288 2959 388 3011 bellum
406 2958 526 3012 nondum
539 2958 621 3013 fuisse
635 2959 795 3014 confectum.
816 2959 889 3025 Ergo
903 2960 981 3012 annis
993 2958 1051 3011 fere
1064 2959 1181 3014 345340
1193 2961 1372 3027 Antiphanes

196 3045 370 3118 Στρατιώιης
388 3047 556 3115 assignanda.
594 3047 717 3100 Alexidis
741 3054 830 3100 autem
852 3046 972 3100 fabulam
996 3049 1183 3114 cognominem
1209 3063 1282 3101 anno
1311 3047 1371 3102 fere

195 3136 275 3205 olan
296 3136 402 3189 doctam
422 3153 478 3189 esse
499 3153 513 3189 e
533 3136 566 3188 fr.
588 3137 639 3189 909
665 3137 834 3207 perspicitur,
863 3138 890 3188 in
917 3153 969 3204 quo
998 3137 1149 3189 antitheton
1178 3135 1246 3189 illud
1272 3137 1372 3191 Demo-

195 3225 344 3278 sthenicum
363 3224 485 3293 (διδόναι
499 3255 535 3264 -
549 3222 732 3294 ἀποδιδόναι),
752 3242 803 3292 quo
823 3228 850 3278 in
871 3227 992 3279 oratione
1014 3225 1198 3279 Halonnesica
1223 3241 1286 3279 usus
1311 3233 1372 3279 erat

195 3320 296 3382 orator,
330 3314 436 3368 ridetur
470 3314 512 3381 (cf.
544 3315 627 3367 Mein.
653 3314 679 3368 h.
706 3331 742 3366 cr.
767 3315 840 3380 387).
895 3314 955 3367 Non
986 3321 1067 3382 recte,
1099 3321 1128 3366 ut
1159 3315 1225 3367 mihi
1260 3312 1370 3382 quidem

195 3403 309 3471 videtur,
333 3404 455 3456 Dietzius
483 3404 552 3457 Diss.
579 3421 605 3471 p.
630 3405 665 3457 49
694 3405 803 3470 negavit
830 3405 877 3456 illo
905 3403 1057 3470 fragmento
1085 3403 1231 3456 adiuvante
1263 3410 1370 3471 tempus

196 3492 303 3544 deliniri
324 3509 409 3559 posse.

305 3580 347 3649 149)
372 3583 403 3634 In
435 3583 597 3649 Pape-Bens.
626 3582 689 3633 Lex.
715 3582 740 3633 d.
763 3598 801 3647 gr.
829 3582 941 3648 Eigenu.
971 3582 1083 3633 nimium
1111 3580 1274 3650 affirmatur,
1306 3597 1368 3635 cum

196 3671 244 3723 sub
263 3672 313 3723 hoc
333 3674 440 3723 nomine
460 3670 559 3723 dicitur
579 3671 694 3736 „Person
714 3672 741 3722 in
762 3671 823 3722 Ter.
844 3671 923 3739 Eun,
942 3670 1098 3738 iiberhaupt'
1114 3669 1246 3724 steheude
1265 3671 1367 3724 Person

196 3757 245 3811 der
263 3776 364 3811 neuern
384 3760 525 3826 Komodie,
544 3759 672 3812 Menand.
693 3761 747 3811 mil.
767 3761 849 3826 glor.“
1037 3762 1040 3766 ’
1238 3807 1242 3810 ,

305 3848 348 3915 ¹⁵⁰)
367 3849 399 3900 V.
413 3849 446 3900 fr.
467 3850 518 3902 ‘293
539 3849 599 3915 (Kc.
613 3849 712 3914 11183)
729 3873 762 3892 =
776 3849 847 3900 Plut.
867 3849 934 3901 Mor.
954 3851 1024 3915 57a3
1047 3847 1190 3900 Menandri
1208 3847 1368 3901 Adulatoris

194 3936 290 4003 fragm.
310 3954 397 4005 nuper
414 3944 582 4004 repertorum
596 3955 618 3990 v.
632 3938 665 3990 32
685 3938 794 4005 (Papyr.
814 3937 916 4005 Oxyrh.
936 3936 977 3990 ed.
992 3936 1201 3991 Grenfell·Hunt
1219 3937 1260 3989 ΙΙΙ
1273 3937 1367 4005 (1903)

195 4043 221 4092 p.
235 4027 268 4079 13
282 4042 347 4092 sqq,
371 4026 405 4078 cf.
424 4027 480 4079 Leo
500 4026 587 4079 Goett.
608 4025 706 4078 Nachr.
727 4027 805 4094 1903,
829 4027 880 4080 673
900 4031 978 4093 sqq).
1000 4056 1036 4063 -
1057 4025 1098 4078 Ne
1122 4026 1235 4094 parasiti
1258 4024 1367 4093 quidem

196 4131 292 4167 nomen
317 4114 514 4168 Menandrcum
539 4117 653 4167 retinuit
679 4115 821 4168 Terentius
847 4115 1012 4182 (Στρουθίας
1028 4145 1051 4154 -
1074 4114 1210 4182 Gnathon‚
1230 4113 1265 4168 cf.
1285 4130 1367 4182 supra

195 4202 255 4256 adn.
277 4206 346 4269 114).

302 4293 343 4360 ¹⁵¹)
361 4295 392 4346 In
412 4294 476 4347 Luc.
495 4293 607 4345 Meretr.
626 4293 697 4346 Dial.
716 4293 774 4359 12‚1
795 4293 898 4346 Thraso
917 4293 1026 4360 quidam
1046 4294 1166 4346 convivio
1184 4293 1267 4346 alicui
1284 4294 1367 4345 inter-

194 4382 277 4435 fuisse
297 4382 395 4434 dicitur
414 4384 490 4435 nulla
509 4384 573 4445 eius¹
585 4399 689 4435 morum
709 4382 814 4435 adiecta
833 4381 1022 4450 descriptione.
