3136 5024
755 266 950 319 -106-

264 441 382 507 foedus
411 442 536 506 scilicet
563 445 663 528 atque
691 464 816 528 pacem,
843 465 943 529 quam
967 466 997 509 a.
1021 446 1085 510 287
1109 446 1255 532 Pyrrhus
1281 469 1356 512 cum
1379 449 1440 514 De·

216 542 218 546 ⁸
266 558 381 622 metrio
399 557 641 644 Ponoreetatssr)
660 557 748 623 fecit.
760 559 811 645 283)
839 559 949 642 „Quae
966 581 1040 625 eum
1061 561 1111 627 ita
1127 562 1204 645 sint,
1221 561 1298 628 fort.
1319 584 1442 630 nomen

266 674 382 760 Pyrrhi
413 675 561 740 Philemo
593 674 729 740 fabulae
761 674 860 757 dedit,
894 676 982 762 quod
1012 699 1079 763 pax
1104 700 1125 742 a
1153 699 1231 744 sene
1262 680 1298 744 in
1328 679 1344 744 f
1361 731 1368 745 .
1400 682 1438 744 71

265 793 336 854 tam
353 790 486 876 pulchre
503 790 644 855 laudata
659 792 722 855 hae
739 789 888 869 διαλύσεις
904 784 1009 875 erant,
1027 814 1168 877 quarum
1185 795 1304 860 urbani
1326 816 1442 861 omnes

267 906 479 970 curiosissimi
497 909 621 971 erant.“
658 907 834 993 (Exseripsi
851 908 1015 998 Dietzium
1031 908 1051 972 l.
1066 908 1098 996 l.)
1124 908 1188 974 Sed
1205 914 1244 975 ut
1260 909 1440 976 concedam

266 1021 400 1086 easdem
414 1021 475 1086 dici
489 1021 638 1098 διαλύσεις
648 1022 683 1087 in
695 1021 734 1088 fr.
753 1021 864 1109 adesp.
877 1025 940 1087 347
951 1045 1034 1108 quas
1048 1023 1379 1110 apudPhoenieidem
1388 1026 1441 1114 ²⁸⁴)

267 1142 300 1202 et
323 1137 485 1222 pertinere
508 1136 590 1202 illud
607 1137 650 1203 ad
665 1138 867 1204 Philemonis
883 1139 1057 1225 Pyrrhum,
1078 1143 1191 1205 tamen
1208 1142 1289 1207 mire
1304 1141 1442 1208 fecisset

266 1257 375 1338 poeta,
393 1254 421 1317 si
434 1254 533 1318 unius
546 1275 586 1318 cx
598 1254 648 1336 iis,
663 1254 719 1338 qui
735 1275 849 1341 pacem
871 1259 1135 1340 composuerunt,
1152 1257 1286 1322 nomine
1301 1257 1441 1344 inserip-

267 1369 367 1433 sisset
396 1367 557 1451 fabulam,
588 1369 622 1434 in
652 1391 719 1454 qua
750 1368 788 1434 de
823 1371 913 1435 vitae
944 1371 1089 1436 rusticae
1120 1372 1368 1458 voluptatibus,
1401 1373 1442 1438 de

267 1485 435 1549 amoribus
459 1489 498 1550 ut
513 1484 653 1567 solebat,
678 1485 717 1550 de
734 1484 897 1551 discordia
912 1485 1056 1552 fortasse
1071 1487 1158 1552 inter
1174 1492 1303 1574 patrem
1327 1510 1441 1572 agres-

267 1604 334 1665 tem
359 1604 392 1664 et
415 1600 522 1664 filium
547 1601 711 1666 urbanam
734 1602 840 1666 vitam
863 1602 1105 1687 praeferentem
1121 1608 1238 1668 exorta
1254 1603 1307 1690 (cf.
1325 1604 1441 1670 Dietze

267 1715 287 1780 l.
304 1715 325 1780 l.
343 1738 372 1802 p.
391 1718 432 1780 bl
458 1716 533 1782 adn.
553 1718 582 1791 1)
607 1718 779 1799 agebatur.
818 1716 940 1783 Idcirco
957 1718 1059 1782 istum
1080 1718 1215 1784 titulum
1234 1741 1308 1784 eum
1325 1718 1440 1806 Epiro-

267 1834 377 1896 tarum
390 1853 464 1913 rege
482 1833 654 1897 cohaerere
672 1833 822 1918 equidem
840 1833 1008 1898 affirmare
1026 1855 1093 1898 non
1113 1832 1229 1918 audeo,
1246 1835 1440 1921 priusquam

267 1967 357 2011 nova
379 1947 464 2013 forte
492 1947 681 2030 fragmenta
712 1947 761 2013 dis
792 1949 941 2034 propitiis
971 1954 1101 2035 reperta
1131 1950 1216 2031 regis
1248 1951 1441 2016 memoriam

268 2062 479 2128 manifestius
504 2064 684 2129 continent.

374 2177 514 2243 Unicum
539 2178 630 2262 illud,
656 2200 720 2263 quo
737 2179 881 2265 Pyrrhus
905 2179 1024 2244 titulus
1041 2180 1196 2262 innotuit,
1213 2180 1441 2263 fragmentum

268 2293 357 2380 apud
387 2294 569 2359 Stobaeum
600 2295 719 2377 legitur
744 2293 927 2382 (Φιλήμονος
957 2297 992 2360 ἐκ
1022 2294 1164 2383 ssimech
1200 2301 1317 2382 postea
1353 2296 1441 2362 idem

267 2411 470 2475 mentionem
486 2409 568 2474 facit
584 2409 753 2495 Φιλήμονος
770 2409 926 2496 ΙΙοοφόροο
944 2410 993 2497 (fr.
1014 2412 1054 2475 72
1070 2412 1159 2497 Κο.);
1175 2411 1319 2477 fortasse
1336 2413 1442 2499 primo

269 2547 399 2610 quoque
423 2525 493 2591 loco
518 2526 692 2609 legendum
717 2526 934 2612 Πορ<φά>ρου7

316 2799 320 2805 ’
376 2791 420 2856 ²⁸²)
440 2792 498 2844 Non
520 2809 579 2844 cum
599 2793 751 2860 Antigono,
770 2801 799 2844 ut
819 2794 968 2861 Hesychius
994 2793 1089 2846 tradit:
1117 2792 1151 2846 cf.
1172 2794 1257 2846 Dietz.
1284 2794 1301 2845 l.
1322 2795 1338 2846 l.
1362 2792 1441 2859 „fort

269 2883 332 2949 quia
351 2883 504 2948 Antigonus
524 2883 551 2933 in
571 2881 680 2934 foedere
701 2883 771 2934 inter
790 2883 957 2934 Demetrium
976 2887 1002 2934 et
1024 2882 1157 2950 Pyrrhum
1184 2881 1301 2934 ineundo
1328 2897 1443 2949 magnas

268 2978 360 3037 partes
380 2972 463 3038 cgit“;
484 2969 530 3023 sed
549 2987 572 3022 v.
587 2971 648 3023 adn.
670 2971 729 3023 284.

376 3058 418 3121 ²²⁸³)
437 3059 477 3112 Ct.
498 3059 531 3111 de
557 3060 706 3111 Wilamow.
734 3060 824 3125 Antig.
850 3077 872 3111 v.
892 3059 999 3128 Kar-yet.
1020 3077 1045 3126 p.
1067 3060 1127 3127 908,
1152 3060 1232 3112 Niese
1251 3061 1263 3111 l
1282 3060 1335 3114 379
1350 3076 1387 3127 sq.
1409 3091 1443 3100 -

269 3150 358 3216 Capps
378 3151 437 3201 Am.
458 3149 551 3202 Journ.
572 3148 599 3199 ol
618 3149 697 3200 Arch.
719 3148 756 3199 lV
775 3148 865 3214 (190ολ
884 3166 908 3215 p.
927 3149 961 3202 77
975 3166 1013 3215 sq.

376 3245 419 3309 ¹²⁸⁴)
438 3247 531 3313 Neque
551 3247 601 3299 hoe
620 3254 736 3312 eertum3
759 3254 899 3313 praeterea
919 3262 1021 3312 vereor,
1042 3254 1071 3298 ut
1091 3239 1163 3298 recte
1183 3262 1276 3313 pacem
1295 3248 1371 3299 illam
1391 3246 1444 3298 De-

269 3338 394 3388 metrium
415 3338 483 3388 inter
503 3344 529 3387 et
548 3336 681 3403 Pyrrhum
700 3337 873 3402 compositam
893 3337 1086 3403 interpretatus
1106 3337 1140 3387 sit
1160 3336 1290 3388 Dietzius.
1322 3335 1442 3388 Primum

270 3421 427 3478 enimnihil
447 3441 542 3477 causae
562 3425 646 3488 video,
667 3442 714 3477 cur
732 3422 965 3494 ιιιιιοῖιιορρήτως
985 3426 1057 3476 illam
1079 3426 1298 3492 compositionem
1317 3423 1445 3492 fecerint,

271 3515 347 3580 ὥστε,
367 3516 388 3565 si
402 3514 468 3565 fides
489 3515 631 3582 Hesychia
650 3513 726 3583 μηδὲ
747 3518 802 3569 τοῖς
820 3513 1015 3583 γραμματεῦσι
1038 3514 1196 3580 πιστοῦσαι;
1224 3513 1321 3566 deinde
1343 3529 1440 3566 nomen

269 3603 399 3656 traditum
431 3613 471 3656 est
502 3605 638 3670 Antigoni.
680 3603 767 3668 Quare
799 3603 872 3655 haud
904 3603 972 3669 scio,
1003 3619 1037 3655 an
1069 3601 1280 3669 intellegendum
1309 3603 1343 3654 sit
1374 3601 1443 3655 illud

268 3693 377 3758 foedus
414 3691 485 3759 quod
516 3709 575 3744 curn
606 3694 741 3760 Antigono
773 3692 880 3745 Gonata
909 3698 970 3759 post
1006 3698 1118 3743 mortem
1154 3692 1284 3744 Demetrii
1321 3691 1446 3760 Pyrrhus

270 3784 359 3835 iniisse
386 3782 474 3833 fertur
499 3782 587 3846 (Paus.
609 3783 621 3832 l
643 3783 683 3848 10,
704 3781 732 3848 23
753 3780 787 3833 cf.
809 3781 889 3833 Niese
907 3782 919 3832 Ι
939 3781 1013 3846 385J:
1033 3780 1083 3833 hoc
1104 3782 1182 3847 enim,
1202 3781 1328 3847 quoniam
1347 3787 1445 3832 contra

270 3873 411 3939 pristinum
438 3873 538 3923 socium
558 3871 744 3939 Lysimachum
765 3887 824 3921 eum
844 3871 913 3922 hosti
939 3871 1052 3937 pristino
1076 3870 1195 3937 Pyrrhus
1215 3869 1309 3922 iecisse
1329 3869 1444 3930 videtur,

270 3961 350 4014 facile
377 3961 542 4027 intellegitur
567 3977 615 4012 cur
640 3976 769 4012 arcanum
795 3961 872 4011 initio
899 3961 1032 4011 volueriut
1058 3966 1139 4026 atque
1168 3957 1379 4028 clandestinum
1412 3974 1447 4011 ne

269 4051 319 4103 hoc
345 4050 452 4116 quidem
475 4051 501 4100 in
525 4065 621 4101 scaena
648 4051 746 4101 comica
773 4049 979 4100 Atheniensium
1005 4054 1240 4100 commemoratum
1267 4062 1324 4099 esse
1344 4048 1444 4100 mirum

271 4147 356 4206 potest
382 4139 475 4205 videri,
504 4139 567 4205 quia
595 4153 663 4204 quae
692 4139 808 4189 rationes
837 4136 1036 4190 intercederent
1066 4144 1147 4204 atque
1177 4135 1345 4189 condiciones
1374 4137 1448 4188 inter

270 4245 346 4295 reges
384 4230 443 4280 illos
478 4227 556 4280 modo
593 4228 722 4279 bellantes
758 4226 836 4279 modo
866 4225 1035 4291 pacificantes
1067 4227 1120 4278 illis
1152 4227 1246 4278 saltem
1277 4225 1447 4291 temporibus

271 4318 451 4369 Athenienses
471 4333 523 4369 non
551 4325 675 4382 poterant
703 4318 850 4382 neglegere.
879 4347 913 4353 —
943 4316 1073 4383 [Pyrrhus
1098 4331 1145 4367 rex
1172 4320 1336 4366 memoratur
1362 4315 1447 4367 etiam

271 4406 330 4459 Ter.
352 4407 422 4459 Eun.
442 4408 514 4473 783.)
