3136 5024
692 269 869 320 „14-

194 448 257 512 bus
281 447 524 533 Aristophanis
548 450 683 530 Argum.
701 446 732 511 V
747 447 845 530 Nub.‚
870 446 910 513 of.
928 447 1050 514 Athen.
1067 446 1098 511 V
1114 448 1179 512 218
1196 449 1234 535 ο).
1266 447 1368 513 Hem-

195 563 397 628 sterhusium
428 564 534 628 secuti
564 562 706 628 editores
741 562 877 631 titulum
912 563 1138 649 repetiverunt
1167 585 1188 628 a
1222 563 1369 629 Socratis

194 683 404 763 praeceptore
422 679 503 743 artis
521 679 677 760 musicae,
704 674 815 743 Conno
832 678 984 744 Metrobii
1006 678 1087 761 filio,
1101 678 1135 765 ¹⁹)
1160 678 1217 763 qui
1233 680 1275 744 ab
1294 678 1369 744 aliis

195 814 324 878 quoque
360 792 492 859 comicis
519 792 731 858 illudebatur.
743 795 779 879 20)
833 795 943 879 Atque
973 792 1069 859 Plato
1099 792 1233 859 videtur
1262 795 1369 880 priore

193 906 215 973 l.
228 906 249 973 l.
264 907 493 974 cavillationes
509 908 595 991 illae,
613 909 734 993 quibus
751 909 884 975 Gonnus
901 931 969 974 una
986 930 1060 973 curn
1077 907 1236 995 discipulo
1248 909 1370 977 illustri

194 1023 391 1105 vexabatur,
416 1024 613 1106 significare,
639 1045 713 1089 oum
736 1025 825 1089 hunc
847 1023 930 1090 facit
953 1022 1116 1089 dicentem
1139 1024 1174 1089 in
1198 1024 1308 1091 animo
1333 1046 1370 1090 se

84 1122 85 1129 ἵ
195 1138 317 1203 habere
330 1140 497 1221 magistris
510 1139 561 1204 uti
577 1138 787 1225 Euthydemo
803 1138 1112 1225 Dionysodoroque:
1136 1160 1217 1204 nam
1238 1143 1371 1226 propter

196 1255 343 1320 aetatem
359 1254 565 1337 grandiorem
582 1276 623 1320 ne
637 1254 783 1320 discendi
798 1247 996 1321 facultatem
1009 1255 1167 1338 amiserit,
1184 1276 1219 1320 se
1235 1255 1371 1320 minime

195 1369 324 1451 timere,⁴
341 1367 422 1452 πάλλ’
442 1364 501 1454 ἐγὼ
523 1371 554 1435 ἓν
574 1367 662 1454 μόνον
679 1375 839 1457 φοβοῦμαι,
855 1363 899 1455 μὴ
916 1360 953 1436 αὖ
970 1366 1080 1446 ’σ’νειδος
1094 1376 1158 1435 τοῖν
1175 1368 1267 1448 ξένοιν
1290 1393 1370 1454 πεφι-

89 1486 91 1491 ’
195 1483 283 1572 aidau,
314 1483 436 1570 ὥσπερ
468 1484 597 1574 Κόννῳ
634 1483 684 1574 τῷ
719 1485 948 1569 Μητροβίου
983 1482 1033 1573 τῷ
1064 1483 1300 1570 κιῒναφιστῄ,
1336 1483 1372 1562 ὃς

195 1598 249 1684 ἐμὲ
282 1597 418 1666 διδάσκει
451 1598 498 1667 ἔτι
530 1599 584 1665 καὶ
618 1605 667 1665 νῖιν
701 1600 870 1686 κιῖιαφῖζοιν
891 1623 897 1636 ·
915 1595 1043 1685 ὃφῶντες
1071 1591 1121 1667 οὖν
1151 1600 1179 1665 οῖ
1208 1605 1313 1676 παῖδες
1344 1600 1372 1665 οἱ

196 1715 403 1801 συμφοιτηταί
430 1740 487 1799 μου
520 1713 592 1800 ἐμοῦ
626 1740 660 1781 τε
695 1715 888 1800 καταγελῶσι
920 1715 976 1782 καὶ
1009 1712 1062 1781 τὸν
1096 1714 1210 1782 Κόννον
1245 1714 1397 1793 καλοῦσιΥ

195 1829 507 1915 γεροντοδιδάσκαλον.
525 1829 568 1916 μὴ
582 1821 631 1897 οὖν
643 1829 698 1896 καὶ
709 1839 773 1896 τοῖν
786 1830 879 1911 ξένοιν
891 1855 938 1908 τις
949 1825 1043 1896 ταύτὸ
1057 1828 1146 1896 τοῦτο
1159 1829 1286 1915 ὀνειδῖση
1294 1879 1371 1898 .....

87 2019 90 2024 .
196 1941 269 2029 ἐγὼ
301 1944 341 2012 δ’.
364 1997 371 2010 .
392 1947 521 2012 ἐκεῖσε
552 1946 616 2031 μὲν
647 1943 789 2024 ἄλλους
817 1949 989 2013 πέπεικα
1012 1945 1283 2031 σνμμαῖιητοίς
1306 1969 1373 2030 μοι

197 2059 340 2147 φοιτᾶν
371 2058 593 2147 πρεσβύτας
622 2065 712 2147 κτλ“,
738 2085 802 2148 quo
834 2084 851 2128 e
879 2062 950 2128 loco
982 2063 1146 2148 quispiam
1177 2061 1310 2143 colligat
1337 2062 1373 2126 in

197 2177 365 2262 Amipsiae
396 2176 546 2243 dramate
570 2177 740 2243 Socratem
764 2199 839 2243 cum
867 2177 941 2242 aliis
970 2185 1163 2265 φροντισταῖς
1187 2176 1259 2262 (hoo
1283 2177 1372 2242 enim

196 2313 318 2357 nornen
349 2293 437 2359 chori
461 2294 582 2359 Athen.
599 2293 630 2357 V
646 2294 747 2380 2180)
779 2293 883 2358 Conni
907 2291 1098 2378 disciplinae
1122 2313 1158 2358 se
1182 2290 1371 2358 tradidisse.

197 2407 283 2472 Nam
307 2409 415 2493 ipsum
440 2407 610 2474 Socratem
641 2409 676 2473 in
699 2429 856 2474 scaenam
879 2406 1075 2493 productum
1099 2429 1172 2502 esse
1197 2409 1231 2472 et
1253 2428 1311 2493 per
1335 2428 1372 2472 se

196 2527 248 2588 est
271 2523 448 2588 verisimile
472 2527 507 2589 et
528 2523 715 2607 fragmento
733 2527 752 2588 9
769 2523 830 2589 Ko,
851 2523 905 2609 (τε
921 2523 1014 2606 Diog.
1032 2522 1141 2588 Laert.
1158 2522 1187 2586 ΙΙ
1210 2521 1264 2608 27)
1281 2542 1371 2587 oom-

196 2638 365 2723 probatur,
383 2638 472 2723 quod
487 2640 558 2704 sine
574 2639 711 2705 fabulae
730 2638 827 2705 titulo
844 2638 1020 2704 laudatum
1038 2641 1126 2703 recte
1143 2637 1221 2702 huic
1237 2657 1371 2702 comoe-

196 2752 270 2818 diae
294 2754 488 2820 attribuisse
512 2754 645 2821 videtur
667 2755 850 2838 Menagius

301 2869 372 2935 Hoc
395 2874 509 2937 autem
532 2870 633 2935 velim
656 2871 812 2957 respicias
829 2890 957 2956 semper
972 2869 1071 2935 titulo
1087 2867 1204 2944 Κόννος
1218 2866 1371 2932 fabulam

196 2984 362 3070 appellari.
388 3007 572 3071 numquam
596 2986 686 3052 chori
709 2965 841 3051 nomine
866 2984 1059 3070 Φροντισταί,
1082 2983 1190 3068 qualis
1217 2981 1317 3047 index
1342 2982 1371 3047 si

195 3100 381 3166 traderetur
416 3102 540 3166 nemini
582 3104 672 3167 esset
714 3100 891 3167 offensioni
930 3099 1001 3166 coll.
1018 3099 1168 3164 Platonis
1204 3097 1371 3183 Sophistis

196 3215 298 3302 (Κο.Ι
322 3215 407 3302 636),
431 3217 633 3282 Philemonis
657 3215 1095 3303 Philosophis(Ko.11502
1119 3215 1190 3301 οφ).

194 3508 406 3576 Auffbhrungen
427 3512 454 3562 in
474 3510 565 3562 Athen
587 3534 619 3554 =
639 3506 876 3561 Sondersehriften
897 3507 944 3561 des
963 3507 1118 3561 osterreich.
1137 3506 1269 3559 archaeol.
1290 3506 1371 3558 Insti-

194 3605 249 3651 tuts
269 3599 295 3650 in
316 3599 398 3652 Wien
416 3598 476 3652 Vol.
496 3599 534 3650 VI
553 3603 600 3664 (z.-
618 3597 703 3650 Wilh.
722 3597 810 3662 Ura).

303 3685 335 3754 ιθ)
354 3687 424 3739 Plat.
443 3686 562 3755 Euthyd.
589 3685 683 3750 nram
706 3685 813 3738 Menex.
838 3685 930 3751 235e3
955 3683 988 3737 cf.
1009 3683 1119 3737 Kirohn.
1145 3701 1170 3737 n.
1189 3683 1268 3736 8679.
1305 3682 1369 3736 Νοιι

195 3775 274 3827 credo
301 3774 374 3827 aliud
399 3791 495 3828 nornen
521 3776 545 3827 ei
568 3773 659 3841 fuisse,
684 3775 746 3826 lieet
765 3771 871 3829 Κόννος
890 3789 923 3824 ex
942 3775 1029 3825 iocoso
1049 3773 1205 3838 cognomine
1224 3778 1314 3824 ortum
1333 3772 1370 3824 sit

193 3862 237 3929 (cf.
256 3863 287 3915 F.
304 3863 415 3916 Beehtel
437 3864 488 3915 Die
508 3864 711 3930 einstammigen
731 3861 902 3914 mannlichen
922 3861 1157 3915 Personennamen
1182 3861 1229 3912 des
1249 3860 1370 3913 Griechi·

194 3951 283 4018 sohen,
302 3951 345 4004 die
369 3968 417 4005 aus
436 3951 610 4020 Spitznamen
634 3951 870 4018 hervorgegangen
890 3949 967 4019 sind,
990 3949 1126 4004 Abhandl.
1145 3950 1195 4002 der
1213 3950 1285 4001 Gott.
1305 3947 1368 4002 Ges.

194 4039 220 4094 d.
239 4040 321 4094 Wiso.
341 4039 483 4093 Phil-hist.
504 4040 542 4093 Cl.
563 4040 595 4092 N.
610 4039 641 4092 F.
661 4040 687 4091 ll
707 4039 798 4108 [1899]
819 4056 845 4107 p.
866 4039 920 4104 89).

301 4128 334 4196 ²⁰)
354 4129 454 4181 Cratin.
479 4128 512 4181 ir.
537 4129 589 4183 317
613 4128 674 4195 (Ko.
694 4129 707 4180 Ι
726 4129 791 4194 1053
817 4127 864 4179 ubi
884 4127 998 4187 Κοννᾶς,
1018 4126 1050 4180 de
1070 4143 1123 4193 qua
1141 4126 1229 4179 forma
1248 4124 1282 4179 cf.
1303 4123 1368 4178 Cru-

194 4218 248 4269 sius
266 4217 359 4270 Fleck.
378 4217 473 4269 Jahrb.
495 4218 545 4270 143
565 4217 658 4286 [1891]
678 4234 704 4284 p.
723 4216 795 4283 392).
834 4218 916 4268 Arist.
942 4217 991 4283 Eq.
1015 4217 1068 4269 534
1091 4215 1153 4282 (hoc
1177 4229 1282 4282 quoque
1308 4214 1369 4267 loco

194 4305 325 4373 Κοννᾶς);
344 4306 433 4372 (Vesp.
453 4306 529 4373 6753)
550 4306 660 4373 (Eupol.
679 4305 713 4359 fr.
733 4307 767 4359 68
787 4305 846 4373 [Ko.
867 4306 879 4357 l
898 4305 950 4360 973
970 4306 1035 4373 sq.];
1054 4304 1088 4357 cf.
1103 4304 1194 4372 adesp.
1208 4303 1241 4356 fr.
1255 4303 1290 4355 93
1304 4301 1368 4368 (Ko.

193 4394 321 4462 111416).
1320 4405 1324 4411 ’
