3136 5024
635 218 874 271 ,-39-

203 395 273 471 dico
296 395 496 478 Πολύευκτον,
508 395 545 483 ⁷³)
577 395 611 458 in
643 415 741 478 quem
768 393 943 481 Hyperidis
974 396 1079 459 oratio
1110 393 1154 457 lll
1180 371 1237 479 pro
1261 372 1370 458 Euxe-

201 512 299 598 nippo
316 511 434 576 habita
447 514 514 593 est;
530 514 787 605 nequeconstat
802 509 1020 595 Polyeuctum
1037 509 1259 595 ,pulchrum“,
1273 502 1371 592 quem

202 624 455 691 Anaxandrides
485 626 519 690 in
544 626 645 690 'Pereo
674 624 713 689 fr.
729 626 774 689 45
804 624 875 710 (K0.
892 625 921 688 ll
947 626 1020 712 156)
1053 628 1091 689 ut
1121 625 1167 689 rei
1195 624 1370 714 familiaris

202 740 432 828 dissipatorem
449 740 555 818 nutat,
573 740 714 806 eundern
731 761 803 805 esse
820 744 921 825 etque
938 739 1136 826 Sphettiurn.
1149 741 1185 826 ⁷⁴)
1210 740 1274 804 Sed
1290 741 1370 806 toti-

202 858 276 922 dem
300 860 497 939 argumenta
520 855 642 950 cilicet
658 855 788 937 afferre,
813 856 869 940 qui
893 857 1092 921 contrariam
1116 856 1266 940 sequitur
1295 876 1370 921 sen-

201 973 357 1038 tentiam:
380 972 522 1058 primurn
546 974 656 1036 orator
672 971 844 1056 Sphettius
861 975 947 1036 certe
964 971 1158 1036 notissimus
1183 974 1255 1036 erat
1271 971 1371 1035 huius

201 1088 343 1153 nominis
367 1086 418 1151 vir
440 1086 495 1151 illo
520 1085 652 1172 quidem
676 1089 837 1171 tempore3
867 1086 901 1150 id
931 1107 969 1151 eo
1001 1081 1258 1167 demonstratur,
1283 1085 1371 1172 quod

201 1203 236 1266 in
267 1224 379 1267 eorum
412 1201 477 1266 fuit
507 1223 643 1267 numero
676 1202 831 1283 virorum,
863 1222 945 1287 quos
973 1223 1003 1266 a.
1021 1203 1086 1266 335>
1111 1201 1298 1267 Alexander
1328 1201 1371 1266 ad

203 1318 397 1403 supplicium
415 1317 614 1402 expoposcit.
639 1317 738 1382 Porro
754 1317 831 1381 huic
846 1317 1043 1402 Polyeucto,
1054 1338 1119 1402 quo
1136 1316 1255 1381 dicitur
1266 1316 1370 1382 fuisse

201 1433 320 1498 habitu
344 1434 485 1519 corporis
508 1433 691 1517 formaque,
709 1433 827 1498 mirum
850 1433 961 1519 potius
985 1438 1083 1516 esset,
1106 1433 1133 1498 si
1150 1432 1264 1498 cornici
1280 1454 1370 1517 pror-

202 1571 259 1613 sus
290 1550 541 1634 pepercissentp
558 1548 708 1614 conferas
739 1537 826 1613 enim
850 1549 936 1614 Plut.
962 1549 1060 1614 Phoc.
1086 1571 1111 1614 c.
1136 1551 1155 1614 9
1179 1547 1369 1616 Πολύευκτον

201 1663 233 1728 δὲ
256 1657 308 1729 τὸν
332 1662 490 1750 Σφήττιον
513 1657 588 1749 ὃρῶν
612 1657 637 1748 (ὃ
661 1664 800 1751 Φωκίων)
831 1666 862 1728 ἐν
884 1662 1022 1749 καύματι
1044 1663 1284 1748 συμβουλεύοντα
1307 1671 1371 1740 τοῖς

198 1777 386 1864 Ἀδηναίοις
409 1785 549 1864 πολεμεῖν
565 1774 638 1864 πρὸς
654 1779 826 1862 Φιλιππον,“
839 1774 907 1845 εἶτα
920 1776 978 1845 ὑπ’
1000 1775 1166 1865 ἅσῖιματος
1190 1777 1299 1844 πολλού
1316 1777 1371 1844 καὶ

202 1895 335 1979 ἱδρῶτος,
358 1894 428 1960 ἅτε
451 1889 497 1978 δὴ
522 1894 589 1960 καὶ
611 1888 838 1980 ὑπέρπαχυν
861 1890 971 1979 ’σὐτα,
989 1894 1132 1971 πολλάκις
1154 1897 1370 1980 ἐπιρροφοῦντα

201 2008 254 2075 τού
277 2009 396 2090 ύδατος,
423 1985 557 2094 ,ξἈξιον,
582 2008 650 2096 ἔφη,
681 2009 779 2098 τούτῳ
808 2009 1030 2086 πιστεύσαντας
1044 2041 1048 2049 ·
1063 2005 1144 2093 ύμας
1172 2010 1372 2095 deplacabat

177 2129 254 2221 τὸν
277 2123 416 2210 πόλεμον
445 2121 477 2191 ὃν
507 2126 539 2190 τί
562 2123 664 2192 οῖἐσὶιε
693 2126 827 2209 ποιήσειν
856 2127 886 2190 ἐν
909 2130 953 2215 τῷ
975 2120 1097 2210 balpare
1122 2124 1176 2190 καὶ
1198 2123 1239 2209 τῇ
1265 2122 1370 2190 ἀσπίδι
1403 2138 1408 2146 “

201 2239 259 2305 τῶν
292 2240 444 2325 πολεμίων
475 2237 563 2325 ἐγγύς
596 2237 704 2320 ὅντων,
733 2235 790 2317 ὅτε,
813 2244 908 2326 λέγων
944 2235 1016 2326 πρὸς
1050 2238 1131 2326 ὑμᾶς
1165 2236 1187 2306 ot*
1221 2239 1369 2305 ἔσκεπται

200 2355 360 2447 κινδυνεύει
381 2359 562 2440 πυιγήναι;“
590 2357 739 2440 Denique
754 2356 793 2422 fr.
808 2358 829 2421 b
843 2356 1015 2438 Heniochi,
1036 2378 1154 2421 versus
1169 2377 1225 2442 pro
1250 2358 1369 2440 quartu

201 2471 332 2537 saeculo
361 2473 504 2536 maxime
535 2472 765 2537 memorabiles
796 2494 813 2537 e
843 2472 975 2558 prologo
1006 2472 1146 2538 alicuius
1182 2470 1369 2537 comoediae

201 2586 376 2674 desumpti,
402 2588 495 2652 cuius
519 2608 641 2652 nomen
663 2587 806 2653 fortasse
823 2591 895 2653 erat
911 2588 1018 2664 Πόλεις
1035 2587 1168 2674 (Mein),
1186 2587 1369 2653 ostendunt

199 2702 407 2767 Heniochum
440 2703 588 2787 alioquin
619 2702 662 2767 ed
692 2708 848 2788 poemata
878 2705 1053 2769 materiam
1083 2725 1101 2769 e
1132 2725 1213 2768 suae
1244 2685 1369 2768 aetati

199 2818 298 2882 rebus
322 2817 425 2900 gestis
447 2818 615 2903 petivisse.
655 2818 742 2883 Dicit
765 2819 862 2898 enim,
879 2818 972 2882 illum
996 2818 1166 2904 prologum
1182 2818 1369 2903 quicunque

199 2933 403 3018 pronuntiat,
429 2933 593 3019 externplo
617 2934 752 2999 nomina
779 2956 814 2998 se
839 2937 1109 2999 enumeraturum
1134 2955 1257 3014 earum,
1283 2954 1368 3016 quae

200 3048 423 3131 convenerint,
448 3050 589 3113 urbium.
637 3049 799 3115 Scaenam
820 3071 892 3115 esse
917 3049 1097 3135 Olympiae.
1146 3049 1230 3128 Quid
1254 3053 1368 3113 autem

199 3163 298 3228 urbes
320 3164 367 3228 ibi
390 3163 542 3230 faciant?
566 3164 651 3229 Olim
675 3187 732 3230 eas
756 3166 888 3230 venisse
912 3187 933 3230 a
956 3164 1175 3246 vectigalibus
1196 3163 1367 3238 liberatae,

200 3281 238 3343 ut
261 3277 311 3343 dis
335 3279 455 3344 animis
480 3281 582 3362 gratis
606 3280 835 3363 immolarent3
866 3280 924 3345 sed
955 3303 996 3345 ex
1026 3280 1081 3344 illo
1114 3278 1367 3365 ternporestul-

198 3393 287 3458 titia*
305 3393 450 3478 quadam
481 3394 626 3480 periisse,
659 3395 820 3479 siquidem
849 3418 870 3461 a
898 3395 1028 3460 duabus
1058 3396 1272 3460 turbarentur
1294 3415 1368 3458 mu-

196 3508 343 3589 lieribus,
371 3509 582 3575 Democratia
612 3515 646 3576 et
678 3511 902 3576 Aristocratia.
951 3511 1014 3576 Our
1042 3514 1154 3575 autern
1179 3532 1267 3574 nunc
1290 3531 1368 3574 con-

197 3624 360 3707 venerint,
391 3625 425 3689 id
455 3625 542 3709 quod
573 3627 716 3690 maxime
748 3628 896 3712 cupimus
929 3627 1019 3708 scire,
1057 3626 1168 3690 omisit
1200 3629 1369 3710 excerptor

197 3738 325 3804 fatuus
343 3741 453 3824 Atque
466 3740 612 3805 Koekius
626 3741 712 3805 hanc
724 3741 861 3826 protulit
873 3742 1110 3806 coniecturam:
1128 3739 1368 3824 ,mihiquidem

197 3852 291 3918 nulla
323 3855 430 3940 aptior
461 3856 599 3937 occasio,
636 3879 703 3942 qua
730 3879 843 3921 rursus
879 3857 1064 3943 Olympiam
1101 3856 1274 3922 convenire
1311 3854 1367 3920 de-

304 4073 337 4141 ⁷³)
355 4076 466 4129 Kirchn.
489 4093 509 4130 s.
530 4094 554 4129 n.
576 4078 670 4132 11947.

305 4161 338 4225 ⁷⁴)
356 4165 438 4221 Velut
450 4165 636 4219 Boehneekius
650 4167 838 4234 Forschungen
853 4167 900 4220 aul
919 4167 979 4220 dem
995 4168 1106 4220 Gebirte
1124 4167 1173 4219 der·
1192 4174 1239 4219 att.
1259 4167 1368 4219 Redner

197 4269 223 4318 p.
244 4252 296 4304 643
314 4251 376 4304 adn.
396 4255 413 4306 4
432 4256 541 4320 negavit
559 4256 657 4307 oratori
678 4257 819 4322 quicquam
839 4272 980 4308 commune
1000 4272 1056 4308 esse
1077 4273 1126 4308 nec
1139 4272 1198 4308 cum
1215 4256 1367 4322 fragmento

196 4340 411 4395 Anaxandrideo
431 4359 479 4395 nec
498 4359 557 4395 curn
580 4344 736 4396 Heniochae
754 4346 841 4397 titulo.
