3136 5024
772 259 876 314 29—

200 440 370 501 roroira
404 432 491 519 περὶ
528 432 647 511 ςἰοεοὺζ
685 433 987 521 ἐξαμαρτάνων,
1022 431 1043 500 οἳ
1080 445 1145 513 τοῖς
1182 437 1236 522 μὲν
1272 436 1376 514 ἄλλοις

200 552 321 634 αἰσχρὸν
345 552 409 616 ἐστι
431 547 484 615 καὶ
506 553 611 634 λέγειν,
635 549 696 616 τῶν
718 549 1039 640 κωμῳδοδιδασκάλων
1062 549 1129 629 <δ’>
1154 550 1280 618 ἀκούετε
1296 550 1369 644 aaa

199 666 329 732 ἕκαστον
359 663 508 747 §cruorem
537 687 616 730 nam
646 667 713 730 ista
740 666 861 752 Lysiae
892 667 998 732 oratio
1029 667 1063 731 in
1094 667 1259 733 Oinosiam
1289 675 1373 734 natu

200 781 405 864 grandiorem
440 781 572 847 videtur
605 782 724 846 habita
758 804 841 864 esse,
876 781 964 866 quod
998 783 1081 848 haec
1116 783 1155 848 de
1189 783 1374 870 dithyram-

199 899 271 962 bico
289 896 369 962 dicit
385 901 495 961 orator
511 894 688 984 (11).)αὐτὸν
703 894 898 983 ἀφέμενον
922 902 993 983 τῆς
1015 902 1158 984 τέχνης
1176 909 1376 986 συκοφαντεῖν
1422 945 1424 948 -

199 1011 253 1078 καὶ
275 1010 336 1078 ἀπὸ
361 1011 468 1078 τούτου
492 1017 636 1080 πλουτεῖν.
661 1052 705 1059 -
734 1013 786 1078 Ad
818 1012 905 1077 idem
930 1018 1071 1099 tempus,
1100 1036 1226 1079 annum
1250 1017 1374 1082 scilicet

199 1128 267 1194 iere
292 1129 366 1210 388,
383 1127 601 1214 perducimur,
619 1128 657 1210 si,
675 1127 762 1212 quod
779 1128 987 1214 Thrasybulo
1005 1128 1171 1195 αὐδάδειαν
1192 1131 1225 1195 in
1243 1131 1376 1196 Ginesia

200 1244 378 1330 exprobrat
401 1243 539 1308 Strattis
563 1243 612 1328 (fr.
634 1246 673 1308 17
690 1243 774 1330 Ka),
805 1246 959 1335 cohaeret
986 1266 1059 1310 cum
1085 1244 1210 1311 ultimis
1235 1246 1374 1312 Stirieu-
1452 1314 1459 1319 ,

200 1361 246 1425 sis
270 1358 536 1445 expeditionibus
553 1359 914 1444 criminationibusque,
932 1361 1053 1444 quibus
1068 1365 1201 1447 propter
1215 1364 1373 1447 pecunias

200 1479 336 1539 exactas
353 1474 620 1557 insimulabatur,
639 1479 677 1540 ut
686 1474 794 1540 voluit
806 1474 939 1541 Kirchn.
958 1498 983 1540 s
1000 1498 1033 1541 n.
1050 1472 1258 1561 Θρασύβουλος
1273 1477 1375 1544 Λύκον

199 1587 351 1674 §versele
365 1591 451 1655 7310
466 1589 578 1677 (1479)
592 1594 727 1655 secutus
739 1591 1010 1673 Frohbergerum,
1020 1591 1079 1656 Die
1089 1591 1211 1657 letzten
1224 1593 1372 1658 hebens-

197 1707 290 1792 jahre
304 1705 362 1771 des
375 1705 563 1792 Thrasybul
575 1728 642 1770 von
655 1706 775 1770 Steiria
788 1706 946 1789 Philolog.
956 1706 1047 1771 XVII
1061 1709 1171 1794 (1861)
1180 1730 1209 1793 p.
1222 1709 1286 1773 437
1301 1731 1372 1793 sqq.

500 1945 1067 2031 Aristophontisdrlooleqa
1178 1903 1180 1908 ἵ

306 2116 537 2200 Subsequatur
560 2116 749 2181 Philonides
773 2116 1020 2202 Aristophontis
1052 2117 1159 2202 (Mein.
1180 2117 1212 2183 h.
1231 2140 1273 2183 cr.
1290 2121 1373 2202 4103

124 2312 128 2319 Ι
198 2231 259 2296 Ko.
276 2231 304 2295 ll
328 2231 418 2316 281),
436 2253 534 2316 quern
550 2236 683 2319 poetam
700 2253 814 2297 omnes
831 2232 959 2297 mediae
977 2232 1164 2298 comoediae
1182 2239 1369 2299 accensent.

198 2346 302 2412 Istam
318 2346 469 2413 fabulam
486 2369 527 2412 ex
544 2348 733 2412 coniectura
747 2346 893 2414 Hanovii
910 2347 1115 2435 (Exercitatt.
1133 2349 1202 2414 crit.
1219 2348 1254 2413 in
1271 2351 1372 2415 conri-

198 2484 254 2528 oos
275 2461 432 2562 ¹Graecos
468 2461 552 2551 [Hal.
579 2461 674 2551 1830)
706 2486 736 2548 p.
766 2464 819 2550 29)
855 2462 897 2528 ad
928 2463 1135 2565 Philonidem
1165 2465 1371 2530 Melitensem

197 2578 346 2643 referunt
377 2578 521 2660 (Kirchnss
541 2579 659 2663 14907)
688 2600 755 2644 non
787 2579 894 2662 unico,
920 2579 1008 2666 quod
1037 2584 1153 2658 restat,
1184 2580 1373 2663 fragmento

198 2692 344 2776 adducti,
376 2693 435 2759 sed
464 2698 646 2780 propterea,
679 2695 767 2779 quod
798 2695 851 2759 hic
881 2694 1071 2771 Philonides
1102 2695 1193 2760 solus
1228 2697 1262 2761 in
1297 2697 1373 2762 aliis
1500 2692 1503 2697 ’

198 2830 331 2894 quoque,
347 2809 523 2874 comoediis
547 2809 762 2875 illudebatur:
788 2811 953 2896 Aristoph.
971 2811 1058 2875 Plut.
1078 2813 1140 2875 179
1162 2815 1196 2876 et
1218 2813 1283 2878 302>
1300 2835 1371 2898 sqq.

199 2945 275 2989 eum
298 2929 429 3010 propter
445 2923 581 2990 divitias
598 2947 619 2990 a
634 2925 736 2991 Laide
747 2927 783 3012 50)
808 2926 976 2990 meretrice
994 2925 1205 2991 Corinthiaca
1220 2933 1371 2992 amatum

199 3038 278 3104 dicit
308 3043 342 3104 et
373 3062 390 3105 e
418 3040 551 3105 scholiis
581 3041 628 3104 illi
651 3041 722 3106 loco
746 3042 898 3126 ascriptis
922 3042 1138 3126 comperimus
1163 3041 1245 3107 alios
1270 3045 1371 3108 comi-

199 3177 255 3220 cos
279 3155 420 3220 eundem
444 3155 649 3221 Philonidem
674 3157 826 3222 derisisse
852 3161 889 3221 ut
912 3152 1026 3244 domm)
1051 3152 1184 3242 εὔπορον,
1200 3160 1305 3242 μέγαν
1329 3157 1374 3248 τῷ

199 3271 328 3354 σώματι,
352 3270 472 3356 ‘ilibino
489 3275 566 3337 etc:
592 3272 631 3337 cf.
649 3272 734 3338 Plat.
752 3271 790 3337 fr.
810 3274 852 3337 64
869 3272 940 3357 (Ko.
958 3273 972 3336 I
989 3275 1080 3360 618);
1105 3273 1227 3358 Theop.
1245 3273 1284 3336 ir.
1301 3276 1332 3337 4.
1350 3278 1371 3339 ἵν

139 3364 145 3376 ’
199 3386 224 3471 (r
243 3387 332 3475 734),
356 3387 526 3453 nrcoohar.
544 3387 583 3453 fr.
602 3389 622 3452 a
639 3387 663 3474 (r
689 3388 784 3473 rap
809 3387 939 3474 rhiryn.
957 3387 995 3452 fr.
1014 3389 1057 3451 νο
1081 3389 1105 3471 (r
1131 3391 1214 3474 req.
1261 3388 1371 3454 raone

198 3503 300 3584 igitur
323 3501 485 3567 credimus
508 3503 581 3567 lieri
604 3504 762 3589 potuisse,
781 3509 820 3568 ut
836 3505 937 3568 etium
954 3508 1027 3569 tota
1044 3503 1212 3568 comoedia
1228 3504 1262 3568 in
1282 3505 1372 3570 hunc

199 3617 365 3682 hominem
390 3617 527 3683 divitem
551 3623 585 3684 et
608 3618 814 3684 luxuriosum
838 3620 1043 3684 scriberetur.

306 3733 480 3799 Hanovius
511 3734 530 3799 l.
549 3733 568 3799 l.
586 3757 616 3819 p.
640 3736 681 3800 30
713 3734 829 3800 ceteris
860 3734 900 3799 de
930 3735 1000 3800 viro
1035 3735 1235 3799 testimoniis
1271 3738 1372 3819 (quae

186 3832 288 3913 ‘nunc
318 3847 406 3935 apud
434 3850 567 3914 Kirchn.
585 3850 605 3917 l.
623 3850 643 3915 l.
665 3850 802 3916 collecta
832 3850 1000 3936 leguntur)
1031 3850 1159 3915 collatis
1183 3850 1254 3916 eius
1279 3852 1370 3916 vitae

200 3967 348 4029 aetatem
372 3964 616 4050 olympiadibus
641 3968 682 4031 90
707 3967 762 4051 (=
785 3967 951 4053 420-17)
996 3971 1010 4032 t
1041 3969 1101 4032 107
1127 3965 1181 4052 (=
1205 3968 1370 4053 eor-49)

308 4212 340 4278 ⁵⁰)
360 4214 443 4266 Laide
464 4214 522 4266 dico
542 4216 671 4282 consulto,
692 4231 744 4267 non
765 4215 860 4283 Naide,
879 4215 913 4266 cl.
934 4215 1004 4268 infru
1024 4233 1043 4267 s.
1058 4218 1098 4268 tit.
1117 4215 1239 4269 Ἄντεια.

308 4301 339 4366 ⁵¹)
361 4303 417 4355 lloc
436 4304 519 4355 Wilh.
540 4304 605 4357 Urlr.
626 4322 651 4370 p.
672 4305 722 4357 127
742 4306 842 4371 optime
862 4321 892 4356 eo
909 4306 1111 4372 intorpretatur,
1131 4305 1201 4371 quod
1220 4305 1372 4357 Philonidis

198 4392 270 4458 putri
286 4407 380 4444 nomen
395 4391 519 4445 Onetoris
533 4393 614 4446 luisse
629 4395 770 4444 verisimile
785 4403 837 4445 ost:
852 4395 936 4446 lilium
951 4395 1128 4447 euimbabuit
1145 4396 1182 4446 sic
1195 4396 1370 4461 appellatum.
