3136 5024
688 261 984 317 -158—1,

198 420 443 501 concedendum
467 439 528 515 est,
554 437 690 500 nomina
713 457 909 518 magnorum
940 434 1038 499 deum
1067 457 1234 520 nusquam
1259 437 1294 502 in
1320 458 1376 503 co·

196 550 346 617 moediae
380 551 487 616 titulis
518 551 659 615 inveniri
684 551 788 637 (velut
811 549 889 626 Ζεύς
904 547 993 636 Ἥρα
1018 549 1181 617 Ἀπόλλων
1204 553 1283 638 etc.)
1308 553 1376 618 nisi

197 666 326 732 adiecto
352 667 530 732 attributo:
554 667 574 731 i.
594 687 620 731 e.
638 688 708 730 una
730 666 848 731 fabula
865 670 1013 752 excepta,
1031 667 1182 732 Platonis
1206 666 1279 733 dico
1296 663 1378 744 Ζεὺς

197 780 394 867 mancipem,
419 803 547 866 semper
570 781 610 846 de
635 781 769 846 deorum
787 790 889 865 γοναῖς
905 782 1068 864 agebatur
1093 782 1143 867 (cl.
1161 783 1259 848 Mein.
1278 783 1311 848 h.
1331 805 1375 848 cr.

199 900 240 962 27
245 900 263 963 8
288 899 370 983 sqq.)
395 902 429 963 et
451 898 513 963 hoc
537 897 748 963 indicabatur
771 899 805 962 in
829 898 946 981 titulis,
979 898 1073 981 velut
1098 895 1246 980 ’Aa-qim
1277 900 1378 982 γοναί,

193 1011 384 1099 Ἀφροδίτης
412 1013 507 1096 γοναί,
530 1009 654 1098 ’Ἄρεως
681 1013 768 1096 γοναί
792 1017 852 1079 cet.
877 1015 923 1078 At
952 1014 1103 1078 Artemin
1138 1017 1225 1078 certe
1260 1020 1378 1099 partes

198 1130 304 1212 egisse
316 1131 351 1193 in
363 1129 536 1215 Amphidis
549 1129 728 1194 Callistone
742 1129 829 1217 dices
843 1134 885 1212 (v.
900 1151 1000 1215 supra
1012 1152 1042 1215 p.
1064 1131 1140 1212 1573
1153 1169 1195 1176 -
1214 1129 1242 1194 si.
1254 1129 1379 1195 fabula

198 1245 245 1310 sic
268 1244 334 1309 fuit
357 1245 535 1331 appellata)
552 1266 695 1309 necnon
712 1246 746 1309 in
764 1243 974 1330 Cephisodori
999 1245 1184 1326 cognomini
1201 1245 1379 1316 comoedia

198 1360 240 1444 (v.
259 1382 359 1446 supra
383 1361 519 1444 eiusque
542 1359 581 1425 fr.
602 1363 641 1424 17
659 1361 747 1441 Kal:
773 1358 924 1442 concedo,
949 1337 1063 1444 itaque
1088 1359 1127 1425 de
1151 1360 1214 1425 hac
1230 1359 1379 1447 Ephippi

197 1475 314 1540 fabula
336 1475 494 1540 iudicium
519 1475 665 1540 cohibeo
713 1476 853 1540 Doctam
885 1496 959 1539 earn
987 1496 1059 1539 esse
1084 1496 1171 1540 anno
1196 1476 1261 1540 367
1288 1477 1378 1542 bene

197 1590 440 1656 demonstravit
463 1590 610 1655 Kockius
636 1590 708 1674 (er.
726 1591 810 1655 Mus.
828 1590 982 1654 XXXVII
1006 1589 1113 1679 [1882]
1138 1613 1168 1676 p.
1189 1591 1253 1701 ¹3⁰,
1277 1596 1378 1679 sqq).

198 1706 245 1772 Of.
263 1706 382 1772 Kaibel
409 1705 499 1792 apud
522 1705 604 1770 PW
631 1705 660 1768 V
685 1707 782 1770 2858.

571 1909 752 1978 Alexidis
780 1908 996 1976 Γαλαίτεια.

304 2062 355 2126 Ad
378 2061 526 2127 Alexidis
551 2061 727 2127 Galateam
752 2063 865 2148 (Meine
880 2063 912 2127 h.
931 2084 973 2127 cr.
992 2064 1072 2144 3903
1096 2061 1157 2127 Ko.
1175 2062 1201 2125 ll
1226 2063 1294 2128 310
1311 2067 1376 2150 sq.)

197 2179 280 2243 haec
311 2183 454 2243 annotat
484 2178 544 2242 Ko.
561 2178 638 2244 l.'l.:
674 2178 848 2260 „Fortasse
873 2176 1015 2243 Galatea
1045 2178 1193 2260 tibicina,
1218 2177 1377 2265 Dionysii

147 2296 149 2298 ’
198 2293 400 2380 Syracusani
424 2294 588 2375 meretrix,
613 2294 736 2359 vitiata
752 2317 772 2358 a
788 2293 980 2376 Philoxeno,
1006 2293 1223 2376 significatur,
1245 2290 1287 2358 de
1304 2315 1375 2378 qua

196 2410 391 2474 Athenaeus
417 2412 445 2489 1,
472 2411 501 2473 6.
521 2411 538 2472 7
565 2407 656 2474 ταῶν
680 2403 732 2474 τὸν
755 2407 913 2474 Κύκλωπα
937 2407 1120 2495 (Φιλόξενος)
1145 2410 1297 2493 aureaque
1320 2405 1377 2475 τὸν

197 2523 295 2609 gibbor
319 2525 362 2600 εἰς
385 2519 420 2596 τὸ
446 2522 510 2609 περὶ
535 2517 800 2609 αὑτόνγενόμενον
817 2523 1181 2610 παῖιος(ἰιι1αιιιιιιιιίαε
1201 2525 1376 2602 coniectus

197 2645 270 2705 erat
299 2645 430 2726 propter
460 2639 621 2705 Galateae
653 2643 829 2728 amorem),
868 2640 919 2706 τὸν
951 2640 1004 2725 μὲν
1035 2637 1181 2706 Διονύσιον
1211 2638 1377 2706 Κύκλωπα

195 2749 454 2840 ὑποστησάμενας,
488 2752 546 2841 τὴν
576 2755 598 2822 δ’
620 2755 786 2842 αὐλητρίδα
809 2755 998 2834 Γαλάτειαν,
1033 2750 1138 2821 ἑαυτὸν
1171 2753 1375 2822 δ”Οδνσσέα.

196 2871 399 2936 Philoxenus
423 2872 510 2936 enim
535 2872 609 2937 aliis
633 2893 763 2957 quoque
788 2873 920 2937 comicis
943 2872 1070 2954 largam
1093 2871 1248 2957 praebuit
1270 2871 1375 2936 iabu-

195 2985 286 3051 landi
303 2987 507 3053 nrateriam.“
535 2991 581 3052 At
597 2987 744 3052 Alexidis
762 2988 965 3072 temporibus
990 2987 1041 3074 (cf.
1056 2987 1132 3053 adn.
1150 2987 1226 3067 236)
1244 2976 1375 3074 Diony-

197 3103 283 3167 sium
307 3103 464 3168 maiorem
489 3107 658 3168 mortuum
681 3104 817 3189 eiusque
842 3103 983 3168 amicam
1008 3103 1054 3167 nil
1076 3103 1190 3189 opinor
1205 3103 1377 3168 curabant

196 3218 428 3284 Athenienses,
468 3219 584 3284 Potest
608 3224 722 3284 autem
746 3219 863 3284 fabula
890 3218 933 3283 ad
958 3218 1108 3305 Cyclopis
1142 3198 1376 3304 Galateaeque

197 3355 326 3398 amores
350 3333 462 3398 referri
492 3334 585 3399 nulla
616 3334 777 3399 eiusmodi
809 3333 1062 3417 significatione,
1094 3355 1194 3418 quam
1221 3332 1375 3423 Kockius

196 3447 312 3530 voluit,
337 3449 543 3538 latente;³⁹⁷)
568 3454 688 3536 potest,
706 3451 741 3514 ni
763 3449 870 3532 fallor,
896 3450 994 3516 titulo
1015 3449 1170 3515 meretrix
1194 3446 1376 3531 designata

196 3585 279 3646 esse,
295 3586 379 3650 quae
392 3565 439 3628 nil
451 3566 554 3630 habet
574 3588 648 3630 cum
665 3566 814 3652 Cyclopis
831 3567 939 3631 amica
956 3586 1128 3630 commune
1144 3564 1209 3629 nisi
1232 3585 1375 3631 nomen:

196 3700 275 3744 nam
299 3701 366 3744 non
390 3679 512 3746 desunt
535 3682 674 3746 humani
689 3682 833 3746 nominis
849 3679 1007 3747 Γαλάτεια
1023 3679 1189 3766 exempla:
1214 3678 1254 3744 cf.
1272 3679 1374 3745 Fick-

196 3794 333 3860 Bechtel
356 3818 386 3881 p.
400 3797 480 3878 3323
505 3797 640 3862 Bechtel
656 3799 707 3863 Fr.
725 3819 755 3882 p.
775 3798 830 3871 73;
856 3796 989 3863 Kirchn.
1008 3819 1033 3861 s.
1050 3818 1098 3860 nr.
1116 3795 1213 3860 2938.
1231 3795 1321 3859 2937
1336 3818 1374 3879 a3

196 3911 298 3976 Anth.
316 3911 385 3977 Pal.
403 3911 434 3974 V
458 3913 532 3976 244.
551 3913 631 3995 2563
656 3912 837 3998 Theophyl.
855 3911 933 3976 Sim.
956 3933 1004 3998 ep.
1023 3913 1065 3975 33
1090 3911 1131 3997 (p.
1150 3911 1214 3975 773
1237 3909 1374 3997 Herch.)

196 4025 353 4091 Γαλάτεια
376 4030 479 4092 Θέτιδι
502 4028 722 4115 (meretrices),
746 4028 786 4093 cf.
805 4026 908 4092 eiusd.
926 4027 964 4091 fr.
983 4029 1024 4091 39
1048 4049 1079 4112 p.
1099 4028 1163 4091 775
1185 4025 1373 4114 Herch.⁸⁹⁸)

303 4221 347 4287 391)
367 4223 407 4275 cf.
429 4223 584 4275 Nicocharis
603 4220 756 4277 Γαλάτειαν
774 4223 857 4274 Mein.
877 4224 903 4274 h.
924 4239 959 4274 cr.
980 4223 1031 4275 ‘254
1045 4238 1092 4288 eq,
1111 4221 1161 4274 Ko.
1175 4221 1305 4287 1770sq.

303 4310 346 4378 ³⁹⁸)
365 4311 405 4364 Cf.
432 4315 604 4365 meretricum
630 4313 736 4364 nemina
758 4309 883 4363 Θάλαττα
911 4315 1003 4378 (supra
1026 4328 1051 4378 p.
1073 4312 1124 4363 114
1144 4313 1192 4376 sq.)
1211 4314 1237 4362 et
1256 4307 1373 4381 Γαλήνη

196 4399 292 4452 Philet.
312 4400 345 4452 fr.
359 4403 414 4467 9,ss
433 4407 525 4469 (supra
544 4418 569 4468 p.
585 4401 655 4465 123).
