3136 5024
307 1172 358 1236 Ad
381 1172 483 1237 linem
508 1172 563 1256 qui
587 1176 809 1257 pervenerunt
831 1172 977 1236 viatores
1003 1169 1097 1236 decet
1121 1191 1201 1235 sane
1226 1173 1260 1234 et
1276 1170 1373 1234 iuvat

201 1288 244 1352 ad
260 1288 392 1352 initium
407 1287 566 1372 respicere
582 1287 709 1351 itineris
726 1290 838 1370 atque,
855 1289 1021 1371 quantum
1034 1286 1240 1372 profecerint,
1259 1306 1371 1350 secum

200 1406 363 1489 reputare.
397 1403 640 1482 Quaerentibus
664 1403 770 1483 nohis,
795 1401 905 1485 quoad
923 1401 1024 1466 etiam
1040 1401 1230 1492 posterioris
1248 1401 1371 1466 aetatis

200 1519 306 1604 poetis
331 1519 462 1588 comicis
487 1539 561 1582 cum
585 1518 724 1599 singulis
755 1517 952 1604 aequalibus
976 1539 1027 1582 res
1055 1517 1186 1598 fuisset,
1219 1538 1298 1581 num
1330 1538 1371 1581 ne

200 1633 247 1697 illi
271 1632 402 1718 quidem
426 1631 588 1718 quosdam
610 1632 761 1697 homines
788 1631 924 1697 illudere
956 1632 1133 1698 desiissent
1156 1635 1190 1697 et
1213 1631 1369 1713 deridere,

202 1749 263 1814 sub
288 1748 400 1814 oculos
429 1746 572 1812 cecidere
595 1747 686 1813 tituli
716 1747 959 1813 comoediarum
983 1749 1023 1831 ei,
1056 1749 1112 1832 qui
1135 1770 1157 1812 a
1179 1748 1369 1813 nominibus

200 1864 337 1950 propriis
369 1862 534 1948 desumpti
565 1863 785 1949 suspicionem
816 1867 997 1946 moverent,
1030 1885 1071 1928 ne
1102 1864 1145 1928 ab
1174 1862 1372 1947 aequalibus

201 1984 315 2045 essent
337 1978 437 2043 ducti,
478 1980 593 2067 ltaque
611 2001 693 2064 opus
710 1983 782 2045 erat
798 1983 906 2044 totum
924 2001 1036 2045 eorum
1053 1979 1226 2045 titulorum
1244 1979 1371 2064 copiam

200 2117 260 2160 000
292 2095 533 2181 perlustrantes
566 2095 600 2159 in
632 2117 735 2159 unum
766 2116 929 2179 quemque
964 2095 1027 2160 hac
1063 2093 1102 2159 de
1127 2096 1167 2159 're
1197 2095 1369 2179 inquirere.

100 2226 104 2232 ’
199 2211 375 2277 Noluimus
400 2210 571 2276 excludere
595 2215 745 2275 veterum
771 2210 1013 2276 comoediarum
1032 2210 1155 2276 similes
1172 2209 1306 2290 indiceS,
1334 2213 1372 2275 ut

199 2328 233 2391 in
264 2348 368 2391 unum
402 2326 510 2392 locum
546 2347 660 2391 omnes
696 2327 843 2392 omnium
882 2332 1068 2412 temporum
1107 2330 1368 2409 congererentur.

200 2440 353 2506 Ordinem
388 2445 502 2507 autem
532 2445 571 2506 ut
605 2442 812 2523 haberemus,
850 2463 914 2526 quo
947 2446 1024 2528 apte
1055 2446 1162 2508 totam
1193 2440 1370 2527 producere

199 2579 371 2643 possemus
395 2554 652 2639 multitudinem,
677 2559 711 2621 in
732 2558 914 2644 complures
931 2558 1056 2623 classes
1072 2558 1189 2624 titulos
1206 2557 1370 2643 disposui-

199 2694 272 2737 mus
297 2694 369 2737 eam
398 2693 483 2757 quae
514 2673 610 2738 nobis
641 2694 772 2737 summa
805 2677 877 2737 erat
908 2674 1138 2758 quaestionem
1169 2677 1369 2759 spectantes.

198 2788 301 2870 Igitur
322 2787 450 2853 facturn
474 2792 535 2870 est,
560 2791 607 2869 ut,
633 2787 711 2871 quid
735 2785 774 2852 de
798 2788 937 2871 singulis
956 2788 1125 2853 indicibus
1135 2788 1367 2872 indicaremus,
1400 2778 1402 2783 ’

198 2903 290 2988 ipsae
314 2903 437 2968 classes
464 2903 657 2985 indicarent,
683 2903 803 2989 quibus
828 2925 884 2969 eos
908 2905 1164 2986 assignavimus

304 3018 403 3083 Haud
434 3020 574 3102 exiguus
605 3020 778 3084 titulorum
813 3041 971 3099 numerus
1002 3024 1074 3085 erat
1109 3017 1300 3084 afferendus
1337 3023 1371 3084 et

199 3136 357 3218 antiquae
393 3135 521 3200 mediae
552 3156 660 3200 novae
696 3134 883 3200 comoediae
915 3135 1067 3221 exempla
1097 3138 1229 3221 praesto
1263 3138 1368 3200 erant.

199 3249 262 3315 Sed
299 3250 377 3315 licet
413 3249 677 3316 animadvertere
711 3251 860 3336 inprimis
892 3250 980 3336 apud
1016 3251 1144 3316 mediae
1182 3249 1369 3316 comoediae

198 3370 314 3450 poetas
339 3364 424 3430 tales
449 3366 564 3431 titulos
588 3367 622 3430 in
648 3388 710 3430 000
733 3365 851 3431 luisse:
882 3367 916 3430 in
942 3388 981 3431 ea
1005 3367 1092 3431 enim
1115 3366 1183 3431 lere
1208 3366 1369 3452 septimus

199 3482 338 3565 quisque
374 3480 493 3545 titulus
517 3503 538 3545 a
561 3481 693 3547 nomine
724 3481 852 3567 proprio
884 3485 1037 3566 sumptus
1069 3485 1130 3562 est,
1161 3482 1197 3546 in
1229 3482 1371 3566 antiqua

197 3595 265 3661 fere
290 3595 484 3660 undecimus
508 3598 657 3682 quisque,
682 3598 716 3661 in
740 3618 830 3662 nova
845 3597 913 3662 fere
929 3598 1107 3663 vicesimus
1124 3599 1273 3681 quisque.
1302 3597 1370 3661 Nec

198 3716 311 3775 tamen
344 3732 458 3776 omnes
488 3713 611 3777 veteris
637 3711 825 3777 comoediae
861 3713 1035 3798 scriptores
1068 3734 1210 3797 aequam
1240 3717 1370 3798 partem

198 3848 333 3891 suarum
358 3825 600 3891 comoediarum
624 3829 671 3892 sic
693 3828 931 3893 inscribebant:
957 3828 1081 3893 Cratini
1098 3828 1240 3893 Cratetis
1257 3827 1369 3892 Telec-

198 3941 271 4006 lidis
296 3942 417 4023 nullus,
442 3942 611 4027 Eupolidis
634 3944 867 4029 Aristophanis
892 3943 1088 4030 (Maricante
1119 3948 1153 4009 et
1181 3942 1369 4029 Triphalete

198 4059 345 4144 excepto)
382 4058 503 4140 singuli
534 4058 624 4122 tituli
655 4063 751 4124 erant
782 4059 1069 4141 commemorandi,
1105 4060 1215 4146 plures
1247 4059 1367 4123 Phere-

198 4174 297 4237 cratis
322 4177 355 4238 et
379 4174 567 4260 Phrynichi,
593 4175 648 4259 qui
665 4196 686 4238 a
702 4197 783 4240 suae
800 4176 923 4240 aetatis
948 4175 1118 4241 comoedia
1133 4174 1368 4253 abhorrebant,

197 4287 357 4370 PlatoniS,
388 4310 486 4373 quem
515 4287 723 4354 Andronicus
755 4290 873 4373 (Bergk
897 4290 946 4356 ed.
971 4293 1026 4356 Ar.
1052 4291 1118 4377 lp.
1142 4290 1241 4373 XLII)
1266 4290 1368 4373 signi-

196 4402 302 4467 ferum
326 4402 454 4469 mediae
479 4403 667 4470 comoediae
686 4409 795 4487 vocat,
821 4405 961 4491 denique
978 4405 1150 4471 Strattidis
1167 4406 1369 4492 Theopompi
