3136 5024
775 244 962 324 „iq-¹

268 445 428 533 paulatim
447 447 584 512 recessit
599 449 700 532 atque
716 469 850 544 prorsus
870 447 938 513 fere
955 449 1132 514 evanuisse
1152 449 1299 515 videtur:
1324 452 1363 516 cf.
1382 452 1440 517 lhl.

267 561 388 648 Meyer,
414 560 531 627 Gesch.
550 560 608 627 des
631 561 748 628 Altert.
771 561 802 627 V
825 564 905 628 327:
938 563 1016 646 ,Die
1041 563 1163 630 Politik
1194 565 1262 630 und
1293 565 1344 631 die
1368 590 1441 653 per-

268 677 413 743 siinliche
436 676 611 742 Invektive
634 678 709 743 tritt
731 699 815 760 ganz
839 679 962 744 zuriick
987 679 1031 765 (in
1055 679 1165 745 media
1186 681 1365 769 comoedia)
1389 683 1441 747 bis

267 793 327 858 auf
350 792 586 876 gelegentliche
609 792 857 879 Anspielungen
881 793 941 859 aui
963 794 1212 877 Zeitereignisse
1240 796 1308 860 und
1332 798 1440 863 stadt-

267 908 436 974 bekannte
452 907 756 973 Persiinlichkeiten
780 909 844 974 wie
860 909 894 974 in
910 931 1033 975 unsern
1049 910 1204 976 Possen.“
1244 911 1336 992 Quod
1353 920 1439 978 recte

267 1022 392 1089 dictum
416 1044 498 1105 esse,
524 1023 552 1087 si
575 1044 643 1088 rem
667 1024 858 1088 universam
881 1027 1024 1110 spectas,
1045 1046 1125 1090 sane
1142 1030 1286 1108 nonest,
1309 1048 1366 1092 cur
1381 1050 1439 1092 ne-

266 1159 333 1222 ges,
373 1138 602 1224 Antiphanum
633 1141 667 1204 et
696 1138 873 1203 Alexidurn
896 1142 1017 1204 aetate
1048 1141 1105 1205 vix
1129 1141 1305 1226 quisquam
1342 1145 1440 1208 tanta

266 1254 448 1340 acerbitate
471 1253 669 1335 vexabatur,
695 1257 823 1339 quanta
846 1254 987 1320 Pericles
1018 1255 1092 1321 Cleo
1117 1254 1327 1342 Hyperbolus
1351 1258 1438 1322 Aloi-

265 1367 382 1435 biades
406 1369 462 1434 alii
485 1390 506 1434 a
530 1369 662 1434 Cratino
687 1373 722 1434 et
745 1368 862 1455 Eupoli
890 1374 924 1435 et
947 1371 1179 1456 Aristophane.
1226 1371 1323 1437 Urbis
1347 1372 1439 1438 clade

266 1485 367 1551 etiam
385 1484 555 1550 comoedia
570 1484 611 1550 de
626 1484 786 1570 pristinae
804 1485 1072 1568 magnificentiae
1085 1487 1219 1570 fastigio
1234 1487 1361 1553 deiecta
1377 1493 1438 1553 est.

264 1601 433 1666 Pecuniae
452 1601 565 1686 inopia
587 1601 692 1687 pressi
709 1582 797 1666 cives
821 1622 889 1666 non
905 1601 1021 1666 eadem
1038 1624 1105 1687 qua
1121 1606 1223 1668 antea
1239 1602 1439 1669 liberalitate

264 1737 423 1782 exornare
446 1720 602 1802 poterant
625 1716 770 1798 chorum,
796 1718 897 1801 atque
922 1717 993 1782 eius
1016 1718 1226 1804 potissimum
1243 1718 1318 1783 inde
1336 1741 1356 1783 a
1372 1720 1436 1804 pri-

146 1818 148 1824 *
263 1830 407 1914 mordiiS,
432 1835 472 1897 ut
486 1831 627 1913 videtur,
653 1830 841 1897 comoediae
862 1833 993 1918 propria
1008 1832 1120 1898 iuerat
1134 1832 1192 1898 illa
1208 1829 1336 1918 ἰαμβική
1362 1834 1436 1900 ἰδέα.

264 1946 326 2027 Qui
356 1946 489 2032 qualem
520 1945 563 2011 ad
589 1946 814 2012 humilitatem
845 1947 889 2012 sIt
918 1947 1083 2030 redactus,
1116 1949 1182 2012 iam
1215 1969 1232 2013 e
1263 1950 1438 2034 postremis

262 2062 367 2148 ipsius
391 2062 623 2148 Aristophanis
647 2061 781 2144 fabulis
806 2061 1043 2129 Ecclesiazusis
1071 2067 1106 2128 et
1128 2063 1236 2144 Plut0,
1269 2065 1437 2146 cognosci-

262 2199 347 2260 mus,
372 2199 480 2262 neque
510 2198 669 2262 umquam
693 2178 728 2242 in
751 2179 926 2264 pristinam
954 2177 1150 2261 dignitatern
1174 2180 1350 2243 restitutus
1375 2185 1436 2256 est,

263 2293 418 2379 quamvis
449 2314 506 2379 per
536 2293 671 2376 longum
702 2294 858 2379 temporis
890 2294 1035 2379 spatium
1066 2294 1172 2358 vitam
1208 2293 1436 2379 perduceret.¹)

263 2391 365 2493 Atqui
389 2409 507 2473 mirum
532 2410 592 2487 est,
618 2407 706 2493 quod
727 2411 840 2474 aetate
856 2409 1089 2474 Demosthenis
1114 2411 1148 2473 et
1164 2409 1347 2490 Aeschinis,
1370 2431 1437 2494 qua

262 2545 329 2589 non
352 2524 462 2589 minus
485 2524 700 2590 vehementer
722 2545 823 2608 quam
847 2525 1050 2610 temporibus
1073 2524 1150 2589 belli
1167 2524 1437 2610 Peloponnesiaci

263 2660 336 2706 sese
352 2640 642 2725 impugnaverunt,
667 2641 724 2724 qui
741 2640 923 2705 contrarias
941 2638 980 2704 de
997 2640 1107 2705 salute
1124 2639 1337 2726 reipublicae
1361 2661 1436 2725 pro-

261 2755 447 2821 fitebantur
470 2756 666 2836 sententias,
691 2776 758 2820 non
781 2755 890 2841 plures
914 2754 1025 2821 undae
1048 2755 1100 2820 his
1124 2754 1274 2841 procellis
1298 2760 1434 2819 exortae

263 2871 297 2936 in
321 2870 495 2956 aequalem
512 2869 714 2936 comoediam
730 2871 946 2954 influxerunt,
972 2874 1136 2955 quantum
1153 2869 1285 2956 quidem
1310 2892 1327 2934 e
1346 2869 1437 2951 frag-

263 2986 384 3052 mentis
409 2986 551 3052 servatis
573 2984 652 3051 licet
674 2984 828 3051 iudicare.
877 2987 977 3050 Cuius
1008 2987 1053 3050 rei
1085 3007 1204 3050 causas
1236 2986 1292 3070 qui
1323 2984 1438 3050 studet

263 3102 475 3184 investigare,
507 3105 541 3166 et
571 3101 638 3166 alia
668 3101 792 3166 afferat
822 3106 856 3167 et
887 3101 1030 3166 fortasse
1060 3101 1122 3165 hoc
1152 3104 1288 3165 moneat
1314 3122 1374 3166 nos
1400 3104 1438 3165 ut

264 3217 522 3298 reminiscamur,
548 3237 648 3301 quam
679 3216 846 3281 diversum
876 3215 977 3280 fuerit
1008 3218 1175 3281 oratorum
1199 3219 1308 3280 totum
1332 3237 1437 3296 genus

265 3336 366 3417 atque
390 3332 475 3397 ratio
500 3331 647 3397 certandi
672 3332 787 3418 quinto
812 3331 944 3396 saeculo
970 3335 1071 3415 atque
1095 3334 1223 3416 quarto.
1272 3331 1363 3410 Quae
1380 3330 1439 3395 illa

265 3450 378 3514 aetate
401 3448 435 3512 in
459 3448 590 3513 theatro
614 3447 752 3533 Dionysi
776 3446 895 3533 populo
919 3445 1195 3532 producebantur,
1228 3445 1344 3511 eadem
1374 3446 1437 3510 hac

265 3585 306 3629 ex
328 3563 409 3649 ipsis
432 3563 633 3649 principibus
656 3563 869 3648 reipublicae
888 3562 969 3627 viris
992 3562 1027 3626 in
1042 3561 1112 3627 foro
1130 3561 1290 3626 audiebat
1306 3561 1435 3637 civitas.

265 3679 313 3744 Ne
338 3678 489 3765 exempla
512 3677 635 3743 desint:
660 3682 741 3744 tunc
756 3678 912 3763 temporis
928 3677 1106 3763 Hyperboli
1124 3680 1263 3741 matrem
1281 3681 1318 3740 ut
1335 3697 1437 3740 anum

265 3795 428 3877 vinosam,
447 3793 657 3880 Cleophantis
674 3797 712 3858 ut
728 3794 905 3858 barbaram
921 3792 1090 3857 mulierem
1109 3793 1144 3857 in
1160 3813 1315 3857 scaenam
1337 3793 1437 3856 comi-

267 3932 339 3976 cam
355 3909 577 3975 demittebant
591 3913 719 3994 poetae,
729 3911 750 3996 ²)
767 3908 931 3994 Euripidis
943 3912 1082 3973 matrem
1096 3907 1280 3972 narrabant
1292 3907 1438 3989 agrestia

280 4140 284 4148 ·
378 4124 395 4188 ¹)
422 4124 461 4177 Cl.
489 4123 589 4175 Koerte
612 4123 686 4175 Neue
710 4123 804 4175 Jahrb.
830 4121 849 4175 t.
874 4122 899 4174 d.
927 4122 1005 4174 klass.
1032 4123 1129 4173 Altert.
1149 4120 1173 4172 V
1192 4121 1282 4186 (19ch
1306 4121 1338 4172 81
1365 4135 1438 4186 sqq.;

267 4214 358 4265 Herm.
380 4213 467 4265 XLIII
481 4213 573 4277 (1908)
585 4212 619 4265 39
633 4228 689 4279 sqq.
710 4212 761 4264 299
774 4228 846 4278 sqq.;
866 4211 920 4263 Leo
939 4211 973 4263 ih.
994 4211 1052 4263 166.
1071 4210 1124 4263 308
1137 4226 1185 4276 sqq
1203 4228 1208 4275 ;
1228 4208 1299 4259 infra
1317 4208 1380 4259 adn.
1394 4209 1436 4260 63.

375 4301 395 4367 ²)
416 4301 456 4354 Cf.
477 4302 559 4353 Arist.
574 4300 642 4353 Nub.
655 4301 707 4354 552
722 4317 781 4352 cum
795 4301 890 4368 schol,
910 4301 969 4352 555.
985 4299 1090 4351 Thcsm.
1105 4300 1158 4350 840
1171 4312 1226 4363 sqq.
1240 4327 1275 4334 —
1293 4297 1389 4363 Eupol.
1403 4295 1442 4347 fr:

266 4392 348 4456 (183.)
363 4392 414 4443 194
427 4390 487 4457 (Κο.
502 4391 513 4441 I
527 4390 586 4443 309.
600 4391 678 4457 311);
692 4390 829 4457 Hermipp.
844 4388 877 4442 fr.
892 4390 916 4442 8.
932 4388 965 4442 10
979 4389 1024 4455 (ih.
1036 4388 1113 4455 ⁸227);
1126 4387 1194 4439 Plat.
1209 4384 1242 4436 fr.
1257 4385 1350 4450 61)(11).
1365 4385 1436 4449 617).
