3136 5024
647 278 844 330 -101-.

154 457 272 521 vinoso
296 454 401 519 indito
426 453 567 520 indicem
591 452 783 518 habendum
815 453 904 518 dicat
935 453 1005 518 coll.
1031 453 1123 519 Alex,
1148 453 1186 519 fr.
1213 456 1286 536 108,
1310 457 1330 518 2

155 573 227 655 (Ko.
245 572 275 647 ll
290 569 375 656 334),
407 570 549 656 Alciphr.
574 570 603 634 H
621 572 658 634 11
679 568 827 655 (Schep.),
859 572 898 634 Α.
912 569 947 634 Ρ.
972 569 1017 633 XI
1033 571 1085 634 57.

262 765 327 830 Alii
350 718 515 848 lituique
538 786 638 850 supra
663 746 787 828 dictum
811 767 863 829 est
890 764 930 849 (p.
957 766 1020 851 95),
1053 765 1361 850 utrumomninol‚
1407 747 1409 751 ι
1508 836 1512 855 ,
1550 745 1552 752 ⁴

154 903 211 967 pro
251 881 440 946 nominibus
476 880 613 966 propriis
652 880 720 944 sint
754 877 899 944 habendi
937 901 980 944 an
1016 879 1083 944 alia
1117 879 1330 962 intellegendi

155 998 283 1062 ratione
319 995 457 1061 dubium
486 999 546 1060 est.
594 995 739 1074 Quorum
775 995 923 1081 inprimis
960 999 1040 1060 sunt
1074 995 1266 1060 Heniochus
1297 1000 1348 1060 et

154 1112 372 1177 Philetaerus

346 1268 605 1355 ‘Antiphanis
634 1273 675 1338 et
701 1268 915 1338 Menandri
940 1265 1132 1355 Ἡνίοχος.

191 1486 196 1491 ⁶
261 1407 372 1489 Atque
388 1403 596 1469 Heniochum
620 1404 724 1469 habes
741 1405 942 1489 Antiphanis
967 1408 1001 1469 et
1024 1404 1196 1470 Menandri
1220 1404 1327 1491 (Mein.

155 1522 187 1586 h.
206 1543 247 1586 cr.
266 1521 346 1603 326,
370 1520 430 1585 Ko.
448 1521 477 1584 ll
501 1522 553 1585 52.
578 1521 621 1584 ΠΙ
646 1522 687 1584 57
713 1520 805 1605 sqq),
832 1519 870 1584 de
895 1541 959 1605 qno
984 1520 1082 1585 titulo
1102 1521 1244 1606 primum
1268 1542 1328 1585 au-

155 1636 287 1702 diamus
317 1636 533 1700 Moinekium:
573 1637 690 1718 „huius
723 1636 867 1711 nominis
900 1678 932 1688 ·-
968 1659 1050 1700 usus
1081 1637 1144 1701 etsi
1174 1635 1328 1722 frequen-

155 1753 304 1817 tissimus
329 1757 389 1833 est,
415 1752 497 1816 nihil
513 1740 626 1817 tamen
644 1742 776 1817 obstare
793 1750 926 1816 videtur
943 1773 1007 1836 quo
1025 1753 1135 1816 minus
1152 1753 1194 1817 ab
1212 1753 1329 1834 auriga

154 1867 306 1932 fabulam
336 1868 544 1932 nominatam
576 1867 777 1932 credamus‚“
835 1867 861 1930 H
893 1866 1089 1949 fragmentis
1126 1867 1164 1931 de
1201 1868 1328 1950 signifi-

155 1984 285 2048 catione
308 1983 398 2047 tituli
421 1983 469 2047 nil
493 1983 599 2065 colligi
623 1986 743 2069 potest,
761 1983 825 2047 nisi
849 1981 936 2047 forte
960 1982 1037 2047 licet
1061 1984 1216 2066 conicere,
1238 1969 1328 2068 quis-

155 2099 229 2183 quis
259 2100 293 2180 in
323 2099 409 2164 Men.
433 2098 472 2164 fr.
497 2101 559 2164 201
590 2099 695 2163 verba
724 2097 815 2180 facit,
848 2098 971 2183 alloqui
1001 2095 1121 2181 ἡνίοχον
1152 2119 1257 2182 eaque
1289 2098 1328 2164 de
1377 2148 1380 2153 ι

155 2235 258 2279 causa
281 2236 361 2278 voce
386 2221 566 2299 ζυγομαχεῖν
589 2217 723 2300 poetam
754 2236 852 2295 usum
884 2235 966 2278 esse.
993 2253 1033 2261 —-
1066 2212 1130 2277 Sed
1162 2215 1328 2299 proprium

155 2350 274 2394 nomen
298 2329 459 2395 Heniochi
483 2330 623 2395 Athenis
648 2351 714 2395 non
738 2331 787 2394 ita
811 2329 953 2394 multum
978 2329 1111 2394 videtur
1140 2329 1325 2395 adhibitum

155 2466 238 2527 esse,
251 2445 301 2530 265)
315 2449 349 2510 et
365 2446 421 2530 qui
439 2445 521 2510 duos
538 2449 663 2530 poetae,
686 2446 742 2530 qni
759 2466 825 2510 non
842 2444 957 2510 eodem
974 2448 1119 2530 tempore
1132 2445 1332 2527 floruerunt

155 2561 341 2626 comoedias
372 2561 419 2625 sic
449 2561 640 2626 nominatas
672 2562 841 2647 scripsisse
873 2560 1131 2625 consideraverit
1159 2560 1210 2644 (cf.
1229 2571 1329 2646 snpra

154 2699 184 2761 p.
205 2676 266 2763 12),
291 2675 382 2741 haud
406 2677 560 2761 probabit
590 2675 632 2740 ad
657 2679 782 2740 certum
807 2675 972 2761 quendam
996 2677 1161 2741 hominem
1191 2675 1327 2741 irriden-

155 2791 234 2856 dum
258 2813 315 2857 eas
339 2813 411 2857 esse
435 2791 647 2877 'compositas
695 2790 840 2873 Accedit,
866 2789 953 2875 quod
971 2792 1173 2877 Antiphanis
1189 2792 1327 2857 Menan-

155 2907 268 2992 drique
298 2906 433 2972 fabulae
464 2908 551 2971 inter
582 2928 617 2972 se
649 2906 792 2991 quodam
824 2905 920 2972 modo
952 2905 1108 2971 videntur
1139 2907 1326 2973 cohaerere:

154 3022 310 3109 respicias
326 3023 426 3087 velim
443 3044 560 3087 versus
582 3044 599 3086 e
615 3021 788 3086 Menandri
803 3022 973 3087 Heniocho
994 3022 1088 3087 allati
1105 3022 1154 3108 (fr.
1173 3024 1237 3088 205
1254 3022 1327 3110 Ko.)

155 3159 230 3202 cum
243 3139 444 3224 Antiphanis
457 3138 643 3220 fragmento
657 3139 718 3203 281
736 3138 806 3222 (Ko.
824 3138 853 3202 H
871 3138 944 3218 125,
959 3138 1029 3202 sine
1041 3137 1177 3203 fabulae
1194 3139 1327 3203 nomine

155 3254 287 3341 citatur)
312 3253 640 3341 similitudinem:²⁶⁶)
664 3253 888 3336 fragmentum
913 3252 994 3317 illud
1014 3255 1076 3318 281
1103 3275 1172 3318 una
1196 3275 1270 3318 cum
1286 3254 1325 3320 fr.

155 3371 219 3434 278
251 3391 291 3434 ex
321 3370 523 3455 Antiphanis
550 3369 719 3434 Heniocho
751 3369 962 3455 desumptum
995 3391 1068 3435 esse
1103 3390 1170 3434 non
1205 3356 1327 3435 temere

153 3485 311 3571 opineris;
335 3489 446 3571 potest
470 3507 551 3549 sane
576 3485 618 3550 ad
643 3484 782 3550 eandem
807 3486 990 3550 orationem
1016 3461 1189 3570 pertinere,
1219 3507 1236 3550 e
1261 3507 1328 3570 qua

153 3600 192 3665 fr.
213 3602 275 3664 104
286 3601 336 3686 267)
362 3598 633 3686 deprompserunt
656 3604 873 3686 excerptores
921 3600 1052 3665 Etenim
1076 3623 1325 3687 nonnumquam

262 3795 306 3862 265)
325 3798 356 3848 ln
368 3797 477 3848 Kirclrn.
489 3797 599 3863 Prosop.
611 3800 666 3849 Att.
678 3796 862 3850 tantummodo
873 3805 1000 3863 quattuor
1011 3798 1142 3849 Heniochi
1154 3799 1328 3850 inveniuntur

156 3887 180 3951 (l
199 3887 273 3951 417),
293 3902 383 3937 omnes
403 3886 509 3938 obscuri
528 3893 635 3951 praeter
661 3894 768 3952 poetam
794 3888 932 3952 comicum,
959 3885 991 3937 dc
1014 3903 1066 3952 quo
1086 3887 1120 3938 cf.
1141 3887 1223 3937 Mein.
1244 3887 1270 3938 h.
1290 3902 1325 3938 cr.

153 3975 204 4028 421
225 3991 273 4041 sq,
292 3975 340 4027 Ko.
360 3975 456 4027 11431
477 3990 549 4040 sqq.;
569 3977 626 4026 cius
646 3975 821 4042 Polycuctnm
840 3991 922 4040 supra
944 3991 969 4040 p.
989 3975 1024 4027 38
1043 3991 1098 4041 sqq.
1119 3977 1263 4041 attigimus.

261 4062 306 4128 ²⁶⁸)
326 4063 470 4115 Menand:
946 4060 985 4116 ὦν
1005 4063 1037 4114 δὲ
1055 4064 1095 4134 μγ)
1116 4065 1201 4119 αἴτιος
1223 4060 1325 4131 τρόπος,

487 4148 564 4218 τοίγ’
584 4150 638 4203 ἀπὸ
658 4154 704 4222 τῆς
731 4149 814 4221 τύχῃς
839 4154 933 4218 φέρων
953 4153 1001 4203 dci
1020 4153 1142 4222 γνησίως
1158 4150 1325 4222 zourrlyevq,

325 4241 451 4306 Antiph:
488 4240 517 4290 τὰ
536 4238 620 4309 τύχης
640 4243 733 4307 φέρε-(ν
753 4242 797 4291 d'ei
816 4245 939 4310 γνησίως
959 4240 1005 4291 τὸν
1024 4239 1133 4309 εὐγενῆ.

367 4330 489 4382 Contulit
508 4331 560 4380 iam
581 4329 739 4383 llleinelrius.

262 4416 305 4480 287)
324 4418 381 4470 Hoc
401 4420 485 4470 solum
506 4434 538 4470 ex
558 4418 696 4469 chiocho
716 4418 882 4484 Antiphanis
902 4426 1035 4470 servatum
1056 4426 1103 4470 est.
