<?xml version="1.0" encoding="UTF-8"?>
<!DOCTYPE html PUBLIC "-//W3C//DTD XHTML 1.0 Transitional//EN"
    "http://www.w3.org/TR/xhtml1/DTD/xhtml1-transitional.dtd">
<html xmlns="http://www.w3.org/1999/xhtml" xml:lang="en" lang="en">
 <head>
  <title>
</title>
<meta http-equiv="Content-Type" content="text/html;charset=utf-8" />
  <meta name='ocr-system' content='tesseract 3.04.00' />
  <meta name='ocr-capabilities' content='ocr_page ocr_carea ocr_par ocr_line ocrx_word'/>
</head>
<body>
  <div class='ocr_page' id='page_1' title='image "./degenerequodamt00breigoog_0034.png"; bbox 0 0 3136 5024; ppageno 0'>
   <div class='ocr_carea' id='block_1_1' title="bbox 772 256 949 308">
    <p class='ocr_par' dir='ltr' id='par_1_1' title="bbox 772 256 949 308">
     <span class='ocr_line' id='line_1_1' title="bbox 772 256 949 308; baseline 0 -15"><span class='ocrx_word' id='word_1_1' title='bbox 772 256 949 308; x_wconf 73' lang='lat'>-28-</span> 
     </span>
    </p>
   </div>
   <div class='ocr_carea' id='block_1_2' title="bbox 267 432 1517 2486">
    <p class='ocr_par' dir='ltr' id='par_1_2' title="bbox 268 432 1450 1675">
     <span class='ocr_line' id='line_1_2' title="bbox 272 432 1449 519; baseline 0.001 -21"><span class='ocrx_word' id='word_1_2' title='bbox 272 435 455 519; x_wconf 66' lang='lat' dir='ltr'>reputabis</span> <span class='ocrx_word' id='word_1_3' title='bbox 481 434 560 498; x_wconf 89' lang='lat' dir='ltr'>mire</span> <span class='ocrx_word' id='word_1_4' title='bbox 585 432 731 498; x_wconf 87' lang='lat' dir='ltr'>accidere</span> <span class='ocrx_word' id='word_1_5' title='bbox 756 433 924 510; x_wconf 77' lang='lat' dir='ltr'>concedes</span> <span class='ocrx_word' id='word_1_6' title='bbox 950 433 1037 517; x_wconf 91' lang='lat' dir='ltr'>quod</span> <span class='ocrx_word' id='word_1_7' title='bbox 1065 433 1170 519; x_wconf 86' lang='lat' dir='ltr'>ipsius</span> <span class='ocrx_word' id='word_1_8' title='bbox 1194 432 1366 499; x_wconf 84' lang='lat' dir='ltr'>Strattidis</span> <span class='ocrx_word' id='word_1_9' title='bbox 1395 456 1449 499; x_wconf 90' lang='lat' dir='ltr'>co-</span> 
     </span>
     <span class='ocr_line' id='line_1_3' title="bbox 274 548 1447 635; baseline 0.002 -23"><span class='ocrx_word' id='word_1_10' title='bbox 274 548 404 614; x_wconf 86' lang='lat' dir='ltr'>moedia</span> <span class='ocrx_word' id='word_1_11' title='bbox 428 548 615 635; x_wconf 76' lang='grc' dir='ltr'>Μυρμιδόνες</span> <span class='ocrx_word' id='word_1_12' title='bbox 639 548 807 635; x_wconf 89' lang='lat' dir='ltr'>appellata</span> <span class='ocrx_word' id='word_1_13' title='bbox 829 548 988 614; x_wconf 89' lang='lat' dir='ltr'>laudatur</span> <span class='ocrx_word' id='word_1_14' title='bbox 1014 570 1035 613; x_wconf 86' lang='lat' dir='ltr'>a</span> <span class='ocrx_word' id='word_1_15' title='bbox 1058 548 1190 614; x_wconf 78' lang='lat' dir='ltr'>Polluce</span> <span class='ocrx_word' id='word_1_16' title='bbox 1215 551 1245 630; x_wconf 81' lang='lat'>9,</span> <span class='ocrx_word' id='word_1_17' title='bbox 1272 551 1312 614; x_wconf 74' lang='grc'>18</span> <span class='ocrx_word' id='word_1_18' title='bbox 1338 548 1393 634; x_wconf 86' lang='grc'>(--</span> <span class='ocrx_word' id='word_1_19' title='bbox 1408 550 1447 614; x_wconf 86' lang='lat' dir='ltr'>ir.</span> 
     </span>
     <span class='ocr_line' id='line_1_4' title="bbox 272 650 1450 751; baseline 0.002 -23"><span class='ocrx_word' id='word_1_20' title='bbox 272 667 316 730; x_wconf 76' lang='lat'>36</span> <span class='ocrx_word' id='word_1_21' title='bbox 340 665 423 751; x_wconf 77' lang='lat' dir='ltr'>Ka).</span> <span class='ocrx_word' id='word_1_22' title='bbox 435 666 472 751; x_wconf 65' lang='grc'>46)</span> <span class='ocrx_word' id='word_1_23' title='bbox 519 668 629 749; x_wconf 90' lang='lat' dir='ltr'>Atque</span> <span class='ocrx_word' id='word_1_24' title='bbox 647 664 805 751; x_wconf 88' lang='lat' dir='ltr'>quoniam</span> <span class='ocrx_word' id='word_1_25' title='bbox 822 686 863 730; x_wconf 83' lang='lat' dir='ltr'>ex</span> <span class='ocrx_word' id='word_1_26' title='bbox 878 664 934 729; x_wconf 91' lang='lat' dir='ltr'>illo</span> <span class='ocrx_word' id='word_1_27' title='bbox 951 665 1116 730; x_wconf 73' lang='lat' dir='ltr'>Athenaei</span> <span class='ocrx_word' id='word_1_28' title='bbox 1132 665 1212 746; x_wconf 79' lang='lat' dir='ltr'>loce,</span> <span class='ocrx_word' id='word_1_29' title='bbox 1231 650 1330 749; x_wconf 83' lang='lat' dir='ltr'>quern</span> <span class='ocrx_word' id='word_1_30' title='bbox 1347 687 1450 750; x_wconf 86' lang='lat' dir='ltr'>supra</span> 
     </span>
     <span class='ocr_line' id='line_1_5' title="bbox 272 779 1448 867; baseline 0.001 -23"><span class='ocrx_word' id='word_1_31' title='bbox 272 781 531 846; x_wconf 83' lang='lat' dir='ltr'>memoravimus</span> <span class='ocrx_word' id='word_1_32' title='bbox 548 779 590 866; x_wconf 89' lang='lat' dir='ltr'>(v.</span> <span class='ocrx_word' id='word_1_33' title='bbox 604 803 634 866; x_wconf 90' lang='lat' dir='ltr'>p.</span> <span class='ocrx_word' id='word_1_34' title='bbox 649 782 713 866; x_wconf 73' lang='lat'>26),</span> <span class='ocrx_word' id='word_1_35' title='bbox 726 785 861 866; x_wconf 90' lang='lat' dir='ltr'>potest</span> <span class='ocrx_word' id='word_1_36' title='bbox 878 780 1027 846; x_wconf 89' lang='lat' dir='ltr'>concludi</span> <span class='ocrx_word' id='word_1_37' title='bbox 1044 780 1208 846; x_wconf 85' lang='lat' dir='ltr'>Cinesiam</span> <span class='ocrx_word' id='word_1_38' title='bbox 1225 781 1258 846; x_wconf 95' lang='lat' dir='ltr'>in</span> <span class='ocrx_word' id='word_1_39' title='bbox 1271 802 1448 867; x_wconf 90' lang='lat' dir='ltr'>personam</span> 
     </span>
     <span class='ocr_line' id='line_1_6' title="bbox 272 895 1448 982; baseline 0.003 -22"><span class='ocrx_word' id='word_1_40' title='bbox 272 896 409 961; x_wconf 88' lang='lat' dir='ltr'>Achillis</span> <span class='ocrx_word' id='word_1_41' title='bbox 418 896 572 960; x_wconf 91' lang='lat' dir='ltr'>indutum</span> <span class='ocrx_word' id='word_1_42' title='bbox 584 895 779 982; x_wconf 80' lang='lat' dir='ltr'>produxisse</span> <span class='ocrx_word' id='word_1_43' title='bbox 792 895 998 978; x_wconf 78' lang='lat' dir='ltr'>Strattidem,</span> <span class='ocrx_word' id='word_1_44' title='bbox 1008 895 1042 959; x_wconf 93' lang='lat' dir='ltr'>id</span> <span class='ocrx_word' id='word_1_45' title='bbox 1052 895 1139 980; x_wconf 93' lang='lat' dir='ltr'>quod</span> <span class='ocrx_word' id='word_1_46' title='bbox 1153 896 1302 960; x_wconf 91' lang='lat' dir='ltr'>concludi</span> <span class='ocrx_word' id='word_1_47' title='bbox 1311 918 1448 963; x_wconf 90' lang='lat' dir='ltr'>necesse</span> 
     </span>
     <span class='ocr_line' id='line_1_7' title="bbox 270 1010 1447 1097; baseline 0.001 -21"><span class='ocrx_word' id='word_1_48' title='bbox 270 1033 344 1076; x_wconf 83' lang='lat' dir='ltr'>esse</span> <span class='ocrx_word' id='word_1_49' title='bbox 369 1011 503 1097; x_wconf 86' lang='lat' dir='ltr'>putavit</span> <span class='ocrx_word' id='word_1_50' title='bbox 518 1011 675 1094; x_wconf 63' lang='lat' dir='ltr'>Haedua,</span> <span class='ocrx_word' id='word_1_51' title='bbox 701 1011 810 1096; x_wconf 89' lang='lat' dir='ltr'>quivis</span> <span class='ocrx_word' id='word_1_52' title='bbox 833 1010 1036 1097; x_wconf 75' lang='lat' dir='ltr'>periclitetur</span> <span class='ocrx_word' id='word_1_53' title='bbox 1057 1012 1280 1076; x_wconf 90' lang='lat' dir='ltr'>coniecturam</span> <span class='ocrx_word' id='word_1_54' title='bbox 1303 1012 1374 1077; x_wconf 90' lang='lat' dir='ltr'>loeo</span> <span class='ocrx_word' id='word_1_55' title='bbox 1391 1013 1447 1078; x_wconf 90' lang='lat' dir='ltr'>illo</span> 
     </span>
     <span class='ocr_line' id='line_1_8' title="bbox 271 1124 1447 1216; baseline 0.003 -25"><span class='ocrx_word' id='word_1_56' title='bbox 271 1127 435 1191; x_wconf 79' lang='lat' dir='ltr'>Athenaei</span> <span class='ocrx_word' id='word_1_57' title='bbox 454 1127 511 1210; x_wconf 86' lang='lat' dir='ltr'>(IX</span> <span class='ocrx_word' id='word_1_58' title='bbox 524 1129 588 1192; x_wconf 83' lang='lat'>396</span> <span class='ocrx_word' id='word_1_59' title='bbox 602 1127 632 1211; x_wconf 87' lang='lat' dir='ltr'>a)</span> <span class='ocrx_word' id='word_1_60' title='bbox 649 1149 706 1213; x_wconf 93' lang='lat' dir='ltr'>pro</span> <span class='ocrx_word' id='word_1_61' title='bbox 727 1129 756 1192; x_wconf 81' lang='grc' dir='ltr'>ἐν</span> <span class='ocrx_word' id='word_1_62' title='bbox 772 1127 942 1193; x_wconf 83' lang='grc' dir='ltr'>Μακεδόσιν</span> <span class='ocrx_word' id='word_1_63' title='bbox 957 1124 978 1211; x_wconf 76' lang='grc' dir='ltr'>ἤ</span> <span class='ocrx_word' id='word_1_64' title='bbox 994 1127 1125 1216; x_wconf 80' lang='grc' dir='ltr'>Κινησίᾳ</span> <span class='ocrx_word' id='word_1_65' title='bbox 1147 1127 1356 1192; x_wconf 83' lang='lat' dir='ltr'>scribendum</span> <span class='ocrx_word' id='word_1_66' title='bbox 1373 1149 1447 1194; x_wconf 89' lang='lat' dir='ltr'>esse</span> 
     </span>
     <span class='ocr_line' id='line_1_9' title="bbox 268 1227 1446 1335; baseline 0.002 -29"><span class='ocrx_word' id='word_1_67' title='bbox 268 1242 300 1306; x_wconf 79' lang='grc' dir='ltr'>ἐν</span> <span class='ocrx_word' id='word_1_68' title='bbox 324 1243 507 1327; x_wconf 75' lang='grc' dir='ltr'>Μυρμιδόσιν</span> <span class='ocrx_word' id='word_1_69' title='bbox 529 1242 549 1327; x_wconf 77' lang='grc' dir='ltr'>ἢ</span> <span class='ocrx_word' id='word_1_70' title='bbox 574 1242 763 1331; x_wconf 47' lang='grc' dir='ltr'>Κινησίριβί)</span> <span class='ocrx_word' id='word_1_71' title='bbox 804 1243 895 1322; x_wconf 79' lang='lat' dir='ltr'>Quae</span> <span class='ocrx_word' id='word_1_72' title='bbox 920 1244 1109 1335; x_wconf 81' lang='lat' dir='ltr'>coniectura</span> <span class='ocrx_word' id='word_1_73' title='bbox 1132 1227 1256 1308; x_wconf 66' lang='lat' dir='ltr'>lamas</span> <span class='ocrx_word' id='word_1_74' title='bbox 1269 1265 1326 1329; x_wconf 94' lang='lat' dir='ltr'>pro</span> <span class='ocrx_word' id='word_1_75' title='bbox 1347 1244 1446 1308; x_wconf 90' lang='lat' dir='ltr'>valde</span> 
     </span>
     <span class='ocr_line' id='line_1_10' title="bbox 270 1358 1445 1447; baseline 0.003 -27"><span class='ocrx_word' id='word_1_76' title='bbox 270 1359 397 1423; x_wconf 87' lang='lat' dir='ltr'>incerta</span> <span class='ocrx_word' id='word_1_77' title='bbox 413 1359 528 1425; x_wconf 89' lang='lat' dir='ltr'>haberi</span> <span class='ocrx_word' id='word_1_78' title='bbox 545 1358 659 1424; x_wconf 89' lang='lat' dir='ltr'>dehet:</span> <span class='ocrx_word' id='word_1_79' title='bbox 685 1380 742 1423; x_wconf 88' lang='lat' dir='ltr'>cur</span> <span class='ocrx_word' id='word_1_80' title='bbox 765 1360 853 1423; x_wconf 90' lang='lat' dir='ltr'>enirn</span> <span class='ocrx_word' id='word_1_81' title='bbox 877 1359 994 1424; x_wconf 86' lang='lat' dir='ltr'>ceteris</span> <span class='ocrx_word' id='word_1_82' title='bbox 1018 1358 1097 1424; x_wconf 89' lang='lat' dir='ltr'>locis</span> <span class='ocrx_word' id='word_1_83' title='bbox 1119 1361 1167 1443; x_wconf 90' lang='lat' dir='ltr'>(et</span> <span class='ocrx_word' id='word_1_84' title='bbox 1181 1358 1271 1445; x_wconf 90' lang='lat' dir='ltr'>apud</span> <span class='ocrx_word' id='word_1_85' title='bbox 1295 1359 1445 1447; x_wconf 84' lang='lat' dir='ltr'>Suidam)</span> 
     </span>
     <span class='ocr_line' id='line_1_11' title="bbox 269 1473 1445 1561; baseline 0.003 -25"><span class='ocrx_word' id='word_1_86' title='bbox 269 1494 399 1559; x_wconf 90' lang='lat' dir='ltr'>semper</span> <span class='ocrx_word' id='word_1_87' title='bbox 422 1474 541 1539; x_wconf 88' lang='lat' dir='ltr'>titulus</span> <span class='ocrx_word' id='word_1_88' title='bbox 565 1474 714 1559; x_wconf 80' lang='grc' dir='ltr'>Κινησίας</span> <span class='ocrx_word' id='word_1_89' title='bbox 740 1474 931 1539; x_wconf 89' lang='lat' dir='ltr'>inveniatur</span> <span class='ocrx_word' id='word_1_90' title='bbox 955 1473 1161 1559; x_wconf 88' lang='lat' dir='ltr'>eundemque</span> <span class='ocrx_word' id='word_1_91' title='bbox 1185 1480 1256 1540; x_wconf 92' lang='lat' dir='ltr'>tam</span> <span class='ocrx_word' id='word_1_92' title='bbox 1280 1476 1445 1561; x_wconf 84' lang='lat' dir='ltr'>expressis</span> 
     </span>
     <span class='ocr_line' id='line_1_12' title="bbox 269 1588 1221 1675; baseline 0.002 -22"><span class='ocrx_word' id='word_1_93' title='bbox 269 1590 380 1654; x_wconf 83' lang='lat' dir='ltr'>verbis</span> <span class='ocrx_word' id='word_1_94' title='bbox 404 1594 547 1654; x_wconf 86' lang='lat' dir='ltr'>testetur</span> <span class='ocrx_word' id='word_1_95' title='bbox 569 1590 796 1675; x_wconf 84' lang='lat' dir='ltr'>Harpocratio‚</span> <span class='ocrx_word' id='word_1_96' title='bbox 822 1588 957 1654; x_wconf 82' lang='lat' dir='ltr'>difficile</span> <span class='ocrx_word' id='word_1_97' title='bbox 981 1591 1026 1655; x_wconf 89' lang='lat' dir='ltr'>sit</span> <span class='ocrx_word' id='word_1_98' title='bbox 1049 1590 1221 1675; x_wconf 85' lang='lat' dir='ltr'>explicare.</span> 
     </span>
    </p>

    <p class='ocr_par' dir='ltr' id='par_1_3' title="bbox 267 1705 1517 2486">
     <span class='ocr_line' id='line_1_13' title="bbox 378 1705 1444 1791; baseline 0.002 -21"><span class='ocrx_word' id='word_1_99' title='bbox 378 1705 536 1787; x_wconf 70' lang='lat' dir='ltr'>Cinesias</span> <span class='ocrx_word' id='word_1_100' title='bbox 567 1707 602 1772; x_wconf 92' lang='lat' dir='ltr'>in</span> <span class='ocrx_word' id='word_1_101' title='bbox 633 1727 731 1790; x_wconf 90' lang='lat' dir='ltr'>quern</span> <span class='ocrx_word' id='word_1_102' title='bbox 760 1707 862 1771; x_wconf 88' lang='lat' dir='ltr'>istam</span> <span class='ocrx_word' id='word_1_103' title='bbox 893 1705 1095 1770; x_wconf 83' lang='lat' dir='ltr'>comoediam</span> <span class='ocrx_word' id='word_1_104' title='bbox 1130 1707 1261 1791; x_wconf 84' lang='lat' dir='ltr'>scripsit</span> <span class='ocrx_word' id='word_1_105' title='bbox 1295 1705 1444 1790; x_wconf 78' lang='lat' dir='ltr'>Strattis,</span> 
     </span>
     <span class='ocr_line' id='line_1_14' title="bbox 269 1820 1444 1908; baseline 0.004 -25"><span class='ocrx_word' id='word_1_106' title='bbox 269 1820 403 1885; x_wconf 90' lang='lat' dir='ltr'>minime</span> <span class='ocrx_word' id='word_1_107' title='bbox 435 1822 569 1902; x_wconf 69' lang='lat' dir='ltr'>ignotus</span> <span class='ocrx_word' id='word_1_108' title='bbox 597 1823 695 1908; x_wconf 78' lang='lat' dir='ltr'>est⁴⁸)</span> <span class='ocrx_word' id='word_1_109' title='bbox 731 1825 766 1886; x_wconf 91' lang='lat' dir='ltr'>et</span> <span class='ocrx_word' id='word_1_110' title='bbox 794 1826 926 1907; x_wconf 91' lang='lat' dir='ltr'>propter</span> <span class='ocrx_word' id='word_1_111' title='bbox 957 1821 1111 1886; x_wconf 89' lang='lat' dir='ltr'>habitum</span> <span class='ocrx_word' id='word_1_112' title='bbox 1143 1823 1284 1906; x_wconf 88' lang='lat' dir='ltr'>corporis</span> <span class='ocrx_word' id='word_1_113' title='bbox 1315 1822 1444 1907; x_wconf 85' lang='grc' dir='ltr'>(μακρό-</span> 
     </span>
     <span class='ocr_line' id='line_1_15' title="bbox 268 1922 1517 2033; baseline 0.002 -33"><span class='ocrx_word' id='word_1_114' title='bbox 268 1959 363 2012; x_wconf 82' lang='grc' dir='ltr'>τατος</span> <span class='ocrx_word' id='word_1_115' title='bbox 386 1934 440 2001; x_wconf 83' lang='grc' dir='ltr'>καί</span> <span class='ocrx_word' id='word_1_116' title='bbox 463 1935 653 2013; x_wconf 74' lang='grc' dir='ltr'>λεπτότατος</span> <span class='ocrx_word' id='word_1_117' title='bbox 675 1938 797 2002; x_wconf 81' lang='lat' dir='ltr'>Athen.</span> <span class='ocrx_word' id='word_1_118' title='bbox 815 1937 835 2002; x_wconf 95' lang='lat' dir='ltr'>l.</span> <span class='ocrx_word' id='word_1_119' title='bbox 853 1937 885 2023; x_wconf 85' lang='lat' dir='ltr'>l.)</span> <span class='ocrx_word' id='word_1_120' title='bbox 911 1941 945 2002; x_wconf 90' lang='lat' dir='ltr'>et</span> <span class='ocrx_word' id='word_1_121' title='bbox 967 1940 1098 2022; x_wconf 87' lang='lat' dir='ltr'>propter</span> <span class='ocrx_word' id='word_1_122' title='bbox 1118 1937 1232 2022; x_wconf 88' lang='lat' dir='ltr'>poesin</span> <span class='ocrx_word' id='word_1_123' title='bbox 1250 1922 1444 2023; x_wconf 87' lang='lat' dir='ltr'>saepissime</span> <span class='ocrx_word' id='word_1_124' title='bbox 1513 2026 1517 2033; x_wconf 29' lang='grc' dir='ltr'>Ι</span> 
     </span>
     <span class='ocr_line' id='line_1_16' title="bbox 268 2052 1444 2141; baseline 0.001 -25"><span class='ocrx_word' id='word_1_125' title='bbox 268 2053 400 2117; x_wconf 83' lang='lat' dir='ltr'>comicis</span> <span class='ocrx_word' id='word_1_126' title='bbox 424 2053 596 2141; x_wconf 70' lang='lat' dir='ltr'>irrisus.⁴⁰)</span> <span class='ocrx_word' id='word_1_127' title='bbox 636 2054 792 2134; x_wconf 77' lang='lat' dir='ltr'>Primum,</span> <span class='ocrx_word' id='word_1_128' title='bbox 811 2057 974 2137; x_wconf 87' lang='lat' dir='ltr'>quantum</span> <span class='ocrx_word' id='word_1_129' title='bbox 991 2074 1051 2118; x_wconf 92' lang='lat' dir='ltr'>nos</span> <span class='ocrx_word' id='word_1_130' title='bbox 1069 2052 1200 2137; x_wconf 89' lang='lat' dir='ltr'>quidem</span> <span class='ocrx_word' id='word_1_131' title='bbox 1225 2053 1265 2117; x_wconf 89' lang='lat' dir='ltr'>de</span> <span class='ocrx_word' id='word_1_132' title='bbox 1286 2054 1444 2138; x_wconf 90' lang='lat' dir='ltr'>tempori-</span> 
     </span>
     <span class='ocr_line' id='line_1_17' title="bbox 267 2167 1444 2254; baseline 0.003 -23"><span class='ocrx_word' id='word_1_133' title='bbox 267 2167 331 2233; x_wconf 87' lang='lat' dir='ltr'>bus</span> <span class='ocrx_word' id='word_1_134' title='bbox 361 2168 506 2233; x_wconf 90' lang='lat' dir='ltr'>iudicare</span> <span class='ocrx_word' id='word_1_135' title='bbox 537 2190 724 2254; x_wconf 69' lang='lat' dir='ltr'>possumus</span> <span class='ocrx_word' id='word_1_136' title='bbox 759 2173 1034 2233; x_wconf 88' lang='lat' dir='ltr'>commemoratur</span> <span class='ocrx_word' id='word_1_137' title='bbox 1063 2169 1097 2232; x_wconf 91' lang='lat' dir='ltr'>in</span> <span class='ocrx_word' id='word_1_138' title='bbox 1123 2169 1288 2254; x_wconf 90' lang='lat' dir='ltr'>Aristoph.</span> <span class='ocrx_word' id='word_1_139' title='bbox 1312 2169 1444 2234; x_wconf 89' lang='lat' dir='ltr'>Avibus</span> 
     </span>
     <span class='ocr_line' id='line_1_18' title="bbox 267 2283 1443 2369; baseline 0.003 -23"><span class='ocrx_word' id='word_1_140' title='bbox 267 2305 298 2347; x_wconf 92' lang='lat' dir='ltr'>v.</span> <span class='ocrx_word' id='word_1_141' title='bbox 320 2285 405 2348; x_wconf 73' lang='lat'><strong>1372</strong></span> <span class='ocrx_word' id='word_1_142' title='bbox 430 2305 511 2368; x_wconf 64' lang='grc' dir='ltr'>εφη,</span> <span class='ocrx_word' id='word_1_143' title='bbox 538 2285 593 2349; x_wconf 91' lang='lat' dir='ltr'>ubi</span> <span class='ocrx_word' id='word_1_144' title='bbox 619 2306 694 2349; x_wconf 91' lang='lat' dir='ltr'>eum</span> <span class='ocrx_word' id='word_1_145' title='bbox 718 2285 846 2369; x_wconf 90' lang='lat' dir='ltr'>proprio</span> <span class='ocrx_word' id='word_1_146' title='bbox 870 2284 1003 2349; x_wconf 90' lang='lat' dir='ltr'>nornine</span> <span class='ocrx_word' id='word_1_147' title='bbox 1030 2285 1064 2348; x_wconf 94' lang='lat' dir='ltr'>in</span> <span class='ocrx_word' id='word_1_148' title='bbox 1089 2305 1245 2349; x_wconf 86' lang='lat' dir='ltr'>scaenam</span> <span class='ocrx_word' id='word_1_149' title='bbox 1268 2283 1443 2349; x_wconf 91' lang='lat' dir='ltr'>inductum</span> 
     </span>
     <span class='ocr_line' id='line_1_19' title="bbox 267 2396 1443 2486; baseline 0.003 -25"><span class='ocrx_word' id='word_1_150' title='bbox 267 2396 376 2464; x_wconf 87' lang='lat' dir='ltr'>illudit</span> <span class='ocrx_word' id='word_1_151' title='bbox 411 2420 561 2464; x_wconf 88' lang='lat' dir='ltr'>summus</span> <span class='ocrx_word' id='word_1_152' title='bbox 596 2404 704 2485; x_wconf 91' lang='lat' dir='ltr'>poeta.</span> <span class='ocrx_word' id='word_1_153' title='bbox 759 2399 931 2465; x_wconf 86' lang='lat' dir='ltr'>Strattidis</span> <span class='ocrx_word' id='word_1_154' title='bbox 966 2399 1131 2464; x_wconf 81' lang='lat' dir='ltr'>Cinesiam</span> <span class='ocrx_word' id='word_1_155' title='bbox 1165 2404 1242 2484; x_wconf 88' lang='lat' dir='ltr'>post</span> <span class='ocrx_word' id='word_1_156' title='bbox 1276 2421 1306 2464; x_wconf 90' lang='lat' dir='ltr'>a.</span> <span class='ocrx_word' id='word_1_157' title='bbox 1338 2400 1443 2486; x_wconf 73' lang='grc' dir='ltr'>406δὸ</span> 
     </span>
    </p>
   </div>
   <div class='ocr_carea' id='block_1_3' title="bbox 188 2513 1477 2832">
    <p class='ocr_par' dir='ltr' id='par_1_4' title="bbox 188 2501 1477 2832">
     <span class='ocr_line' id='line_1_20' title="bbox 266 2513 1443 2604; baseline 0.003 -28"><span class='ocrx_word' id='word_1_158' title='bbox 266 2513 397 2579; x_wconf 87' lang='lat' dir='ltr'>doctam</span> <span class='ocrx_word' id='word_1_159' title='bbox 438 2537 510 2579; x_wconf 81' lang='lat' dir='ltr'>esse</span> <span class='ocrx_word' id='word_1_160' title='bbox 546 2537 563 2580; x_wconf 91' lang='lat' dir='ltr'>e</span> <span class='ocrx_word' id='word_1_161' title='bbox 600 2515 699 2580; x_wconf 85' lang='lat' dir='ltr'>schol.</span> <span class='ocrx_word' id='word_1_162' title='bbox 733 2516 900 2601; x_wconf 87' lang='lat' dir='ltr'>Aristoph.</span> <span class='ocrx_word' id='word_1_163' title='bbox 932 2516 1016 2580; x_wconf 88' lang='lat' dir='ltr'>Ran.</span> <span class='ocrx_word' id='word_1_164' title='bbox 1045 2517 1111 2581; x_wconf 82' lang='lat'>404</span> <span class='ocrx_word' id='word_1_165' title='bbox 1146 2516 1309 2599; x_wconf 90' lang='lat' dir='ltr'>sequitur:</span> <span class='ocrx_word' id='word_1_166' title='bbox 1344 2515 1443 2604; x_wconf 81' lang='grc' dir='ltr'>χρόνῳ</span> 
     </span>
     <span class='ocr_line' id='line_1_21' title="bbox 265 2627 1477 2720; baseline 0.002 -27"><span class='ocrx_word' id='word_1_167' title='bbox 265 2628 421 2713; x_wconf 74' lang='grc' dir='ltr'>δ’ὕστερον</span> <span class='ocrx_word' id='word_1_168' title='bbox 445 2627 480 2695; x_wconf 84' lang='grc' dir='ltr'>οὐ</span> <span class='ocrx_word' id='word_1_169' title='bbox 505 2629 602 2720; x_wconf 79' lang='grc' dir='ltr'>πολλῷ</span> <span class='ocrx_word' id='word_1_170' title='bbox 627 2654 686 2695; x_wconf 91' lang='grc' dir='ltr'>τινι</span> <span class='ocrx_word' id='word_1_171' title='bbox 710 2630 740 2717; x_wconf 91' lang='lat' dir='ltr'>(i.</span> <span class='ocrx_word' id='word_1_172' title='bbox 759 2634 880 2716; x_wconf 79' lang='lat' dir='ltr'>apost</span> <span class='ocrx_word' id='word_1_173' title='bbox 904 2631 1042 2695; x_wconf 78' lang='lat' dir='ltr'>Calliam</span> <span class='ocrx_word' id='word_1_174' title='bbox 1072 2631 1275 2713; x_wconf 72' lang='lat' dir='ltr'>archontem,</span> <span class='ocrx_word' id='word_1_175' title='bbox 1304 2632 1360 2715; x_wconf 89' lang='lat' dir='ltr'>qui</span> <span class='ocrx_word' id='word_1_176' title='bbox 1384 2631 1442 2696; x_wconf 93' lang='lat' dir='ltr'>illo</span> <span class='ocrx_word' id='word_1_177' title='bbox 1475 2629 1477 2633; x_wconf 73' lang='grc'><strong>’</strong></span> 
     </span>
     <span class='ocr_line' id='line_1_22' title="bbox 188 2741 1443 2832; baseline 0.002 -23"><span class='ocrx_word' id='word_1_178' title='bbox 188 2747 192 2755; x_wconf 86' lang='grc'><strong>’</strong></span> <span class='ocrx_word' id='word_1_179' title='bbox 266 2767 353 2810; x_wconf 89' lang='lat' dir='ltr'>anno</span> <span class='ocrx_word' id='word_1_180' title='bbox 386 2767 521 2810; x_wconf 90' lang='lat' dir='ltr'>munere</span> <span class='ocrx_word' id='word_1_181' title='bbox 552 2746 688 2811; x_wconf 86' lang='lat' dir='ltr'>iunctus</span> <span class='ocrx_word' id='word_1_182' title='bbox 718 2749 780 2832; x_wconf 78' lang='lat' dir='ltr'>est)</span> <span class='ocrx_word' id='word_1_183' title='bbox 804 2745 858 2811; x_wconf 86' lang='grc' dir='ltr'>καί</span> <span class='ocrx_word' id='word_1_184' title='bbox 886 2742 1039 2822; x_wconf 66' lang='grc' dir='ltr'>καδάταξ</span> <span class='ocrx_word' id='word_1_185' title='bbox 1064 2751 1189 2830; x_wconf 77' lang='grc' dir='ltr'>περιεῖλε</span> <span class='ocrx_word' id='word_1_186' title='bbox 1213 2747 1360 2830; x_wconf 82' lang='grc' dir='ltr'>Κινησίας</span> <span class='ocrx_word' id='word_1_187' title='bbox 1382 2741 1443 2822; x_wconf 77' lang='grc' dir='ltr'>τὰς</span> 
     </span>
    </p>
   </div>
   <div class='ocr_carea' id='block_1_4' title="bbox 261 2852 1440 3642">
    <p class='ocr_par' dir='ltr' id='par_1_5' title="bbox 261 2852 1440 3642">
     <span class='ocr_line' id='line_1_23' title="bbox 263 2852 1439 2951; baseline 0.004 -28"><span class='ocrx_word' id='word_1_188' title='bbox 263 2860 411 2947; x_wconf 82' lang='grc' dir='ltr'>χορηγίας</span> <span class='ocrx_word' id='word_1_189' title='bbox 429 2882 434 2895; x_wconf 96' lang='grc'>·</span> <span class='ocrx_word' id='word_1_190' title='bbox 452 2861 484 2940; x_wconf 83' lang='grc' dir='ltr'>ἐξ</span> <span class='ocrx_word' id='word_1_191' title='bbox 506 2852 538 2926; x_wconf 77' lang='grc' dir='ltr'>οὗ</span> <span class='ocrx_word' id='word_1_192' title='bbox 562 2861 616 2927; x_wconf 85' lang='grc' dir='ltr'>καί</span> <span class='ocrx_word' id='word_1_193' title='bbox 639 2861 798 2946; x_wconf 80' lang='grc' dir='ltr'>Στράττις</span> <span class='ocrx_word' id='word_1_194' title='bbox 820 2864 850 2926; x_wconf 79' lang='grc' dir='ltr'>ἐν</span> <span class='ocrx_word' id='word_1_195' title='bbox 877 2860 921 2951; x_wconf 77' lang='grc' dir='ltr'>τῷ</span> <span class='ocrx_word' id='word_1_196' title='bbox 944 2863 986 2938; x_wconf 85' lang='grc' dir='ltr'>είς</span> <span class='ocrx_word' id='word_1_197' title='bbox 1016 2857 1106 2926; x_wconf 73' lang='grc' dir='ltr'>αὐτὸν</span> <span class='ocrx_word' id='word_1_198' title='bbox 1130 2860 1264 2946; x_wconf 85' lang='grc' dir='ltr'>δράματι</span> <span class='ocrx_word' id='word_1_199' title='bbox 1286 2860 1345 2947; x_wconf 78' lang='grc' dir='ltr'>ἔφη</span> <span class='ocrx_word' id='word_1_200' title='bbox 1369 2867 1439 2928; x_wconf 80' lang='grc' dir='ltr'>κτλ.</span> 
     </span>
     <span class='ocr_line' id='line_1_24' title="bbox 264 2976 1440 3064; baseline 0.002 -24"><span class='ocrx_word' id='word_1_201' title='bbox 264 2976 426 3061; x_wconf 75' lang='lat' dir='ltr'>(sequitur</span> <span class='ocrx_word' id='word_1_202' title='bbox 455 2977 494 3042; x_wconf 89' lang='lat' dir='ltr'>ir.</span> <span class='ocrx_word' id='word_1_203' title='bbox 520 2980 560 3042; x_wconf 82' lang='lat'>15</span> <span class='ocrx_word' id='word_1_204' title='bbox 584 2977 667 3064; x_wconf 76' lang='lat' dir='ltr'>Kc).</span> <span class='ocrx_word' id='word_1_205' title='bbox 723 2978 819 3042; x_wconf 89' lang='lat' dir='ltr'>Initio</span> <span class='ocrx_word' id='word_1_206' title='bbox 851 2981 964 3042; x_wconf 87' lang='lat' dir='ltr'>autern</span> <span class='ocrx_word' id='word_1_207' title='bbox 1001 2977 1133 3042; x_wconf 90' lang='lat' dir='ltr'>demum</span> <span class='ocrx_word' id='word_1_208' title='bbox 1168 2977 1293 3042; x_wconf 88' lang='lat' dir='ltr'>saeculi</span> <span class='ocrx_word' id='word_1_209' title='bbox 1327 2979 1440 3061; x_wconf 89' lang='lat' dir='ltr'>quarti</span> 
     </span>
     <span class='ocr_line' id='line_1_25' title="bbox 263 3092 1439 3179; baseline 0.002 -23"><span class='ocrx_word' id='word_1_210' title='bbox 263 3093 407 3157; x_wconf 82' lang='lat' dir='ltr'>ascribet</span> <span class='ocrx_word' id='word_1_211' title='bbox 442 3092 661 3173; x_wconf 74' lang='lat' dir='ltr'>comoediam,</span> <span class='ocrx_word' id='word_1_212' title='bbox 703 3094 854 3177; x_wconf 86' lang='lat' dir='ltr'>quisquis</span> <span class='ocrx_word' id='word_1_213' title='bbox 892 3092 1107 3158; x_wconf 83' lang='lat' dir='ltr'>considerant</span> <span class='ocrx_word' id='word_1_214' title='bbox 1139 3097 1272 3158; x_wconf 88' lang='lat' dir='ltr'>auctore</span> <span class='ocrx_word' id='word_1_215' title='bbox 1307 3092 1439 3179; x_wconf 90' lang='lat' dir='ltr'>Harpo-</span> 
     </span>
     <span class='ocr_line' id='line_1_26' title="bbox 262 3208 1440 3296; baseline 0.002 -24"><span class='ocrx_word' id='word_1_216' title='bbox 262 3208 410 3273; x_wconf 86' lang='lat' dir='ltr'>cratione</span> <span class='ocrx_word' id='word_1_217' title='bbox 435 3232 460 3272; x_wconf 82' lang='lat' dir='ltr'>s.</span> <span class='ocrx_word' id='word_1_218' title='bbox 478 3213 580 3292; x_wconf 83' lang='grc' dir='ltr'>Κινης.</span> <span class='ocrx_word' id='word_1_219' title='bbox 606 3209 659 3291; x_wconf 83' lang='lat'>(=</span> <span class='ocrx_word' id='word_1_220' title='bbox 682 3208 721 3274; x_wconf 88' lang='lat' dir='ltr'>fr.</span> <span class='ocrx_word' id='word_1_221' title='bbox 741 3211 781 3274; x_wconf 86' lang='lat'>19</span> <span class='ocrx_word' id='word_1_222' title='bbox 805 3209 877 3296; x_wconf 86' lang='lat' dir='ltr'>Ko.)</span> <span class='ocrx_word' id='word_1_223' title='bbox 903 3208 1098 3274; x_wconf 84' lang='lat' dir='ltr'>Strattidem</span> <span class='ocrx_word' id='word_1_224' title='bbox 1121 3209 1156 3272; x_wconf 95' lang='lat' dir='ltr'>in</span> <span class='ocrx_word' id='word_1_225' title='bbox 1180 3210 1243 3273; x_wconf 84' lang='lat' dir='ltr'>hac</span> <span class='ocrx_word' id='word_1_226' title='bbox 1267 3208 1440 3274; x_wconf 88' lang='lat' dir='ltr'>comoedia</span> 
     </span>
     <span class='ocr_line' id='line_1_27' title="bbox 261 3321 1438 3410; baseline 0.002 -22"><span class='ocrx_word' id='word_1_227' title='bbox 261 3321 403 3404; x_wconf 84' lang='grc' dir='ltr'>ἀσέβειαν</span> <span class='ocrx_word' id='word_1_228' title='bbox 426 3325 569 3389; x_wconf 89' lang='lat' dir='ltr'>hominis</span> <span class='ocrx_word' id='word_1_229' title='bbox 593 3322 834 3410; x_wconf 74' lang='lat' dir='ltr'>perstrinxisse,</span> <span class='ocrx_word' id='word_1_230' title='bbox 860 3329 960 3409; x_wconf 89' lang='lat' dir='ltr'>atque</span> <span class='ocrx_word' id='word_1_231' title='bbox 978 3325 1219 3410; x_wconf 88' lang='lat' dir='ltr'>comparaverit</span> <span class='ocrx_word' id='word_1_232' title='bbox 1242 3322 1323 3388; x_wconf 88' lang='lat' dir='ltr'>illud</span> <span class='ocrx_word' id='word_1_233' title='bbox 1345 3323 1438 3407; x_wconf 81' lang='lat' dir='ltr'>frag-</span> 
     </span>
     <span class='ocr_line' id='line_1_28' title="bbox 262 3433 1438 3526; baseline 0.003 -24"><span class='ocrx_word' id='word_1_234' title='bbox 262 3444 412 3504; x_wconf 88' lang='lat' dir='ltr'>mentum</span> <span class='ocrx_word' id='word_1_235' title='bbox 429 3461 446 3504; x_wconf 90' lang='lat' dir='ltr'>e</span> <span class='ocrx_word' id='word_1_236' title='bbox 463 3440 583 3526; x_wconf 81' lang='lat' dir='ltr'>Lysiae</span> <span class='ocrx_word' id='word_1_237' title='bbox 606 3441 755 3506; x_wconf 90' lang='lat' dir='ltr'>oratione</span> <span class='ocrx_word' id='word_1_238' title='bbox 767 3433 863 3526; x_wconf 65' lang='grc' dir='ltr'>’Υπὲρ</span> <span class='ocrx_word' id='word_1_239' title='bbox 880 3440 992 3506; x_wconf 84' lang='grc' dir='ltr'>Φανίου</span> <span class='ocrx_word' id='word_1_240' title='bbox 1012 3435 1085 3525; x_wconf 81' lang='grc' dir='ltr'>πρὸς</span> <span class='ocrx_word' id='word_1_241' title='bbox 1101 3440 1246 3523; x_wconf 88' lang='grc' dir='ltr'>Κινησίαν</span> <span class='ocrx_word' id='word_1_242' title='bbox 1264 3443 1438 3505; x_wconf 85' lang='lat' dir='ltr'>servatum</span> 
     </span>
     <span class='ocr_line' id='line_1_29' title="bbox 261 3547 1436 3642; baseline 0.003 -24"><span class='ocrx_word' id='word_1_243' title='bbox 261 3554 373 3640; x_wconf 83' lang='lat' dir='ltr'>(OAll</span> <span class='ocrx_word' id='word_1_244' title='bbox 407 3557 469 3618; x_wconf 73' lang='lat'>192</span> <span class='ocrx_word' id='word_1_245' title='bbox 494 3577 541 3639; x_wconf 88' lang='lat' dir='ltr'>sq.</span> <span class='ocrx_word' id='word_1_246' title='bbox 573 3586 616 3612; x_wconf 86' lang='lat'><strong><em>=</em></strong></span> <span class='ocrx_word' id='word_1_247' title='bbox 647 3557 767 3621; x_wconf 91' lang='lat' dir='ltr'>Athen.</span> <span class='ocrx_word' id='word_1_248' title='bbox 788 3556 848 3620; x_wconf 88' lang='lat' dir='ltr'>Xll</span> <span class='ocrx_word' id='word_1_249' title='bbox 873 3554 971 3620; x_wconf 80' lang='lat' dir='ltr'>bhld</span> <span class='ocrx_word' id='word_1_250' title='bbox 995 3557 1095 3642; x_wconf 84' lang='lat' dir='ltr'>sqq.):</span> <span class='ocrx_word' id='word_1_251' title='bbox 1119 3555 1174 3639; x_wconf 70' lang='grc' dir='ltr'>οὐχ</span> <span class='ocrx_word' id='word_1_252' title='bbox 1198 3547 1286 3630; x_wconf 76' lang='grc' dir='ltr'>οὗτός</span> <span class='ocrx_word' id='word_1_253' title='bbox 1309 3557 1391 3621; x_wconf 79' lang='grc' dir='ltr'>ἐστιν</span> <span class='ocrx_word' id='word_1_254' title='bbox 1420 3551 1436 3622; x_wconf 82' lang='grc' dir='ltr'>ὁ</span> 
     </span>
    </p>
   </div>
   <div class='ocr_carea' id='block_1_5' title="bbox 256 3856 1437 4463">
    <p class='ocr_par' dir='ltr' id='par_1_6' title="bbox 258 3856 1437 4002">
     <span class='ocr_line' id='line_1_30' title="bbox 367 3856 1437 3926; baseline 0.002 -17"><span class='ocrx_word' id='word_1_255' title='bbox 367 3857 400 3923; x_wconf 69' lang='lat'>⁴⁵)</span> <span class='ocrx_word' id='word_1_256' title='bbox 422 3860 450 3910; x_wconf 90' lang='lat' dir='ltr'>ln</span> <span class='ocrx_word' id='word_1_257' title='bbox 471 3861 610 3911; x_wconf 87' lang='lat' dir='ltr'>titulorum</span> <span class='ocrx_word' id='word_1_258' title='bbox 624 3860 832 3912; x_wconf 70' lang='lat' dir='ltr'>Strattidoorum</span> <span class='ocrx_word' id='word_1_259' title='bbox 847 3862 975 3925; x_wconf 81' lang='lat' dir='ltr'>catalogo,</span> <span class='ocrx_word' id='word_1_260' title='bbox 996 3876 1074 3925; x_wconf 79' lang='lat' dir='ltr'>quem</span> <span class='ocrx_word' id='word_1_261' title='bbox 1089 3860 1185 3911; x_wconf 82' lang='lat' dir='ltr'>Suidns</span> <span class='ocrx_word' id='word_1_262' title='bbox 1199 3859 1318 3926; x_wconf 79' lang='lat' dir='ltr'>praebet,</span> <span class='ocrx_word' id='word_1_263' title='bbox 1338 3856 1437 3912; x_wconf 77' lang='lat' dir='ltr'>fabula</span> 
     </span>
     <span class='ocr_line' id='line_1_31' title="bbox 258 3949 400 4002; baseline 0.028 -4"><span class='ocrx_word' id='word_1_264' title='bbox 258 3949 400 4002; x_wconf 81' lang='lat' dir='ltr'>omittitur.</span> 
     </span>
    </p>

    <p class='ocr_par' dir='ltr' id='par_1_7' title="bbox 258 4036 1436 4193">
     <span class='ocr_line' id='line_1_32' title="bbox 366 4036 1436 4108; baseline 0.003 -21"><span class='ocrx_word' id='word_1_265' title='bbox 366 4036 400 4100; x_wconf 77' lang='lat'>⁴⁷)</span> <span class='ocrx_word' id='word_1_266' title='bbox 421 4038 558 4104; x_wconf 81' lang='lat' dir='ltr'>Aristoph.</span> <span class='ocrx_word' id='word_1_267' title='bbox 572 4038 640 4090; x_wconf 85' lang='lat' dir='ltr'>Rau.</span> <span class='ocrx_word' id='word_1_268' title='bbox 661 4055 752 4090; x_wconf 83' lang='lat' dir='ltr'>versus</span> <span class='ocrx_word' id='word_1_269' title='bbox 767 4036 1159 4108; x_wconf 61' lang='grc' dir='ltr'>126415(φυιώι”κχιιιῡ</span> <span class='ocrx_word' id='word_1_270' title='bbox 1173 4038 1245 4098; x_wconf 76' lang='grc' dir='ltr'>κτλ.)</span> <span class='ocrx_word' id='word_1_271' title='bbox 1258 4053 1290 4088; x_wconf 88' lang='lat' dir='ltr'>ex</span> <span class='ocrx_word' id='word_1_272' title='bbox 1304 4037 1436 4105; x_wconf 82' lang='lat' dir='ltr'>Aeschyli</span> 
     </span>
     <span class='ocr_line' id='line_1_33' title="bbox 258 4125 1353 4193; baseline 0.002 -17"><span class='ocrx_word' id='word_1_273' title='bbox 258 4125 524 4192; x_wconf 70' lang='lat' dir='ltr'>Myrmidonibus</span> <span class='ocrx_word' id='word_1_274' title='bbox 544 4129 620 4193; x_wconf 87' lang='lat' dir='ltr'>petiti</span> <span class='ocrx_word' id='word_1_275' title='bbox 639 4135 700 4178; x_wconf 86' lang='lat' dir='ltr'>sunt</span> <span class='ocrx_word' id='word_1_276' title='bbox 719 4127 818 4192; x_wconf 85' lang='lat' dir='ltr'>(Schol.</span> <span class='ocrx_word' id='word_1_277' title='bbox 839 4127 873 4179; x_wconf 84' lang='lat' dir='ltr'>ad</span> <span class='ocrx_word' id='word_1_278' title='bbox 894 4129 956 4193; x_wconf 83' lang='lat' dir='ltr'>loo.;</span> <span class='ocrx_word' id='word_1_279' title='bbox 975 4125 1009 4179; x_wconf 80' lang='lat' dir='ltr'>ct.</span> <span class='ocrx_word' id='word_1_280' title='bbox 1029 4127 1125 4178; x_wconf 87' lang='lat' dir='ltr'>Nauck</span> <span class='ocrx_word' id='word_1_281' title='bbox 1145 4127 1198 4178; x_wconf 81' lang='lat' dir='ltr'>Te</span> <span class='ocrx_word' id='word_1_282' title='bbox 1207 4125 1243 4177; x_wconf 60' lang='lat'>1³²</span> <span class='ocrx_word' id='word_1_283' title='bbox 1261 4143 1286 4192; x_wconf 92' lang='lat' dir='ltr'>p.</span> <span class='ocrx_word' id='word_1_284' title='bbox 1300 4127 1353 4192; x_wconf 82' lang='lat'><strong>43).</strong></span> 
     </span>
    </p>

    <p class='ocr_par' dir='ltr' id='par_1_8' title="bbox 366 4213 1020 4286">
     <span class='ocr_line' id='line_1_34' title="bbox 366 4213 1020 4286; baseline 0.005 -23"><span class='ocrx_word' id='word_1_285' title='bbox 366 4213 397 4276; x_wconf 76' lang='lat'>⁴⁸)</span> <span class='ocrx_word' id='word_1_286' title='bbox 417 4213 457 4267; x_wconf 71' lang='lat' dir='ltr'>cf.</span> <span class='ocrx_word' id='word_1_287' title='bbox 478 4215 587 4267; x_wconf 83' lang='lat' dir='ltr'>Kirchn.</span> <span class='ocrx_word' id='word_1_288' title='bbox 607 4232 626 4268; x_wconf 91' lang='lat' dir='ltr'>s.</span> <span class='ocrx_word' id='word_1_289' title='bbox 648 4217 783 4285; x_wconf 82' lang='grc' dir='ltr'>Κινησίας</span> <span class='ocrx_word' id='word_1_290' title='bbox 801 4217 924 4286; x_wconf 68' lang='grc' dir='ltr'>Μέλητος</span> <span class='ocrx_word' id='word_1_291' title='bbox 943 4217 1020 4269; x_wconf 75' lang='grc'>8438.</span> 
     </span>
    </p>

    <p class='ocr_par' dir='ltr' id='par_1_9' title="bbox 256 4300 1437 4463">
     <span class='ocr_line' id='line_1_35' title="bbox 365 4300 1437 4374; baseline 0.002 -20"><span class='ocrx_word' id='word_1_292' title='bbox 365 4303 399 4368; x_wconf 66' lang='lat'>⁴³)</span> <span class='ocrx_word' id='word_1_293' title='bbox 419 4304 459 4356; x_wconf 73' lang='lat' dir='ltr'>(v.</span> <span class='ocrx_word' id='word_1_294' title='bbox 473 4304 533 4372; x_wconf 76' lang='lat' dir='ltr'>Lys</span> <span class='ocrx_word' id='word_1_295' title='bbox 548 4304 620 4370; x_wconf 86' lang='lat' dir='ltr'>apud</span> <span class='ocrx_word' id='word_1_296' title='bbox 634 4305 763 4371; x_wconf 87' lang='lat' dir='ltr'>Harpocr.</span> <span class='ocrx_word' id='word_1_297' title='bbox 787 4321 806 4356; x_wconf 83' lang='lat' dir='ltr'>s.</span> <span class='ocrx_word' id='word_1_298' title='bbox 827 4309 940 4372; x_wconf 79' lang='grc' dir='ltr'>Κινησ,;</span> <span class='ocrx_word' id='word_1_299' title='bbox 960 4304 1005 4354; x_wconf 79' lang='grc' dir='ltr'>καὶ</span> <span class='ocrx_word' id='word_1_300' title='bbox 1025 4305 1053 4354; x_wconf 87' lang='grc' dir='ltr'>οἱ</span> <span class='ocrx_word' id='word_1_301' title='bbox 1069 4300 1348 4374; x_wconf 69' lang='grc' dir='ltr'>κωμῳδοδιδάσκαλοι</span> <span class='ocrx_word' id='word_1_302' title='bbox 1367 4302 1437 4356; x_wconf 76' lang='grc' dir='ltr'>καθ’</span> 
     </span>
     <span class='ocr_line' id='line_1_36' title="bbox 256 4389 853 4463; baseline 0.003 -22"><span class='ocrx_word' id='word_1_303' title='bbox 256 4389 371 4442; x_wconf 70' lang='grc' dir='ltr'>ἕκαστον</span> <span class='ocrx_word' id='word_1_304' title='bbox 390 4390 513 4443; x_wconf 73' lang='grc' dir='ltr'>ιἰιιαιυὸκ</span> <span class='ocrx_word' id='word_1_305' title='bbox 532 4393 684 4463; x_wconf 65' lang='grc' dir='ltr'>γράφουσιν</span> <span class='ocrx_word' id='word_1_306' title='bbox 704 4393 744 4450; x_wconf 71' lang='grc' dir='ltr'>οἷς</span> <span class='ocrx_word' id='word_1_307' title='bbox 763 4391 853 4447; x_wconf 72' lang='grc' dir='ltr'>αὐτόν,</span> 
     </span>
    </p>
   </div>
   <div class='ocr_carea' id='block_1_6' title="bbox 0 0 1572 5024">
    <p class='ocr_par' dir='ltr' id='par_1_10' title="bbox 0 0 1572 5024">
     <span class='ocr_line' id='line_1_37' title="bbox 0 0 1572 5024; baseline 0 5"><span class='ocrx_word' id='word_1_308' title='bbox 0 0 1572 5024; x_wconf 95' lang='lat' dir='ltr'> </span> 
     </span>
    </p>
   </div>
  </div>
 </body>
</html>
