3136 5024
267 1280 442 1428 Quanto
466 1343 592 1428 impetu
616 1345 810 1426 quantaque
840 1341 976 1407 licentia
999 1342 1175 1427 scriptores
1198 1343 1331 1424 veteriS,

158 1480 244 1544 quae
260 1463 409 1541 vocatur,
428 1456 628 1523 Graecorum
640 1457 829 1523 comoediae
842 1458 876 1522 in
888 1457 1039 1522 homines
1056 1457 1213 1542 aequales
1230 1460 1332 1542 atque

159 1595 216 1640 eos
238 1575 397 1661 inprimis,
422 1574 479 1658 qui
501 1573 536 1638 in
559 1594 593 1637 re
617 1572 751 1659 publiea
774 1571 992 1656 gubernanda
1017 1573 1249 1656 versabantur,
1280 1573 1332 1637 in-

158 1689 247 1755 vecti
277 1691 354 1771 sint,
386 1690 444 1771 ita,
476 1692 515 1753 ut
542 1689 638 1774 quasi
670 1687 714 1757 ad
743 1689 908 1775 propriam
939 1688 1010 1754 eius
1041 1693 1198 1754 naturam
1231 1691 1332 1773 atque

159 1804 303 1870 indolem
318 1805 381 1870 hoc
396 1805 558 1890 pertinere
574 1803 739 1885 videatur,
756 1824 824 1871 non
839 1805 981 1887 ignorat,
999 1805 1186 1889 quicunque
1204 1824 1333 1871 comoe·
1387 1795 1391 1801 ’

128 1927 131 1934 “
161 1918 233 1986 dias
257 1920 518 2006 Aristophaneas
534 1919 680 2005 perlegit.
717 1919 821 1984 Totae
846 1918 1034 1984 comoediae
1057 1919 1092 1984 in
1108 1940 1212 1984 unum
1229 1940 1333 2004 quen-

67 2042 74 2047 ’
161 2035 238 2100 dam
250 2035 359 2100 virum
370 2033 576 2099 illudendum
589 2034 828 2116 scribebantur,
842 2035 876 2099 in
890 2034 1029 2117 singulis
1041 2034 1172 2100 actibus
1183 2034 1334 2100 homines

160 2149 403 2215 inducebantur
419 2149 661 2236 spectatoribus
678 2150 759 2232 noti,
772 2171 794 2215 a
806 2150 923 2215 ceteris
936 2153 975 2215 ut
991 2148 1217 2215 deriderentur
1233 2153 1334 2234 atque

159 2266 353 2331 verberibus
382 2287 400 2331 e
431 2287 554 2331 scaena
577 2266 761 2331 eicerentur
784 2264 946 2351 (velutin
969 2265 1055 2330 Pace
1080 2269 1114 2330 et
1137 2264 1288 2352 Avibus),
1314 2286 1335 2330 a

160 2381 257 2446 choro
281 2381 315 2445 in
338 2381 495 2467 parabasi
518 2383 580 2447 aut
602 2381 742 2464 singulis
766 2382 915 2464 canticis,
940 2382 997 2467 qui
1012 2385 1131 2467 poetae
1148 2379 1333 2466 displicent,
1417 2449 1419 2453 ,
1499 2382 1502 2388 ’

159 2497 433 2582 perstringuntur,
459 2499 608 2562 aetorum
633 2495 782 2562 diverbia
805 2496 955 2562 conferta
978 2499 1059 2562 sunt
1081 2497 1161 2563 iocis
1177 2495 1334 2562 maledic-

160 2613 285 2696 tisque,
317 2633 402 2697 quae
435 2612 469 2676 in
499 2615 605 2677 certos
636 2611 799 2696 quosdam
833 2612 984 2677 homines
1015 2612 1237 2678 coniciuntur:
1273 2633 1334 2678 nec

158 2727 313 2792 maximis
336 2749 397 2792 nec
426 2728 667 2813 potentissimis
697 2749 804 2812 neque
829 2727 961 2813 optimis
989 2728 1148 2813 parcebat
1176 2726 1333 2814 petulans

159 2842 302 2907 comicae
318 2842 435 2908 Musae
453 2842 612 2908 minister.
652 2842 714 2908 Pro
730 2842 800 2907 iure
817 2845 918 2927 atque
934 2842 1005 2928 ipso
1023 2842 1133 2908 officio
1150 2842 1212 2907 hoc
1227 2843 1332 2908 habe·

158 2956 242 3022 bant
265 2961 300 3022 et
315 2958 555 3044 Aristophanes
572 2961 606 3022 et
622 2957 693 3022 eius
710 2957 833 3022 aemuli
850 2957 901 3044 (ci.
920 2979 947 3023 e.
965 2978 994 3040 g.
1012 2958 1113 3024 Arist.
1131 2957 1189 3043 llq.
1208 2957 1332 3044 1274ίὸ

157 3069 328 3157 λοιδορῆσαι
350 3069 422 3150 τοὺς
451 3066 597 3158 πονηροὺς
627 3070 711 3138 οὐδέν
735 3070 796 3139 ἐστ’
824 3073 998 3159 ἐπίφδονον,
1021 3071 1025 3161 Ι
1051 3066 1132 3138 ἀλλοὶ
1155 3066 1230 3158 τιμὴ
1253 3080 1333 3139 τοῖσι

156 3195 308 3271 χρηστοῖς,
324 3183 408 3264 ὅστις
419 3177 450 3253 εὖ
462 3187 625 3272 λογίζεται,
638 3187 693 3253 vel
709 3189 793 3253 Ran.
811 3189 876 3254 354
892 3186 1037 3274 εὐφημεῖν
1049 3185 1107 3273 χρὴ
1120 3185 1331 3267 κάξίστασδαι

157 3309 221 3378 τοῖς
246 3300 415 3388 ἡμετέροισι
443 3311 580 3389 χοροῖσιν,
611 3297 720 3380 ὅστις.
740 3355 746 3369 .
766 3355 798 3369 ..
826 3305 868 3392 (v.
891 3305 966 3391 367)
1001 3298 1073 3381 τοὺς
1107 3301 1236 3388 μισῖνοὺς
1268 3301 1357 3370 τῶνΙ

157 3415 290 3501 ποιητῶν
330 3414 430 3503 ῥητωρ
469 3417 510 3484 ῶν
549 3412 598 3485 εἶτ’
638 3416 808 3505 ἀποτρώγει
839 3417 842 3507 l
871 3418 1133 3508 uoppiq‘bcic
1163 3421 1198 3484 ἐν
1241 3426 1331 3496 ταῖς

156 3532 341 3617 πατρίοις
363 3538 545 3612 τελεταῖς
560 3542 643 3611 ταῖς
661 3533 723 3601 τοῦ
745 3532 957 3621 Διονύσου),
973 3533 1061 3599 idem
1076 3535 1111 3598 in
1127 3535 1347 3614 tractatibus

155 3647 229 3714 illis¹
244 3649 400 3734 antiquis,
426 3650 483 3736 qui
499 3655 580 3716 sunt
595 3650 635 3716 de
652 3645 830 3734 comoedia,
855 3672 960 3737 paene
977 3651 1112 3716 unicum
1127 3651 1250 3716 veteris
1273 3671 1343 3716 co·.

155 3762 304 3829 moediae
329 3769 561 3847 argumentum
586 3766 705 3832 dicitur
729 3765 780 3852 (ci.
803 3787 830 3832 e.
849 3788 878 3849 g.
896 3766 1070 3832 Platonius
1094 3765 1114 3852 ξ
1133 3768 1174 3831 10
1198 3765 1327 3852 (Kaibel

156 3877 237 3944 OGF
256 3879 279 3962 l,
304 3902 334 3966 p.
353 3882 383 3968 5)
408 3874 569 3956 ὑποδέσεις
592 3881 646 3965 μὲν
669 3879 728 3967 γὰρ
751 3879 809 3966 τῆς
831 3881 886 3967 μὲν
909 3879 1043 3958 παλαιᾶς
1065 3880 1228 3970 κωμῳδίας
1249 3870 1327 3966 ἦσαν

98 3998 101 4002 ’
157 3981 257 4075 αὗται,
279 3989 314 4061 τὸ
338 4005 522 4082 στρατηγοῖς
545 3994 688 4082 ἐπιτιμᾶν
711 3995 765 4062 καί
787 4001 947 4074 δικασταῖς
970 3994 1024 4071 οὐκ
1051 3995 1152 4081 ὀρδῶς
1173 3995 1327 4073 δικάζουσι

154 4105 209 4174 καὶ
221 4107 369 4196 χρήματα
384 4115 570 4198 συλλέγουσιν
587 4111 619 4190 ἐξ
636 4111 758 4190 ἀδικίας
773 4109 833 4178 τισὶ
847 4109 901 4177 καὶ
917 4106 1075 4197 μοχληρδν
1087 4114 1326 4196 ἐπανηρημένοις

154 4223 240 4310 βίον).
270 4225 384 4312 Neque
408 4227 524 4293 aliare
541 4229 647 4310 magis
663 4249 684 4293 a
699 4228 808 4312 quinti
824 4225 948 4293 saeculi
972 4225 1141 4292 comoedia
1163 4227 1323 4313 posterio-

152 4339 199 4405 ris
229 4343 352 4408 aetatis
385 4364 484 4429 opera
514 4342 762 4427 discernuntur,
794 4364 895 4428 quam
920 4340 1008 4426 quod
1031 4341 1088 4406 illa
1118 4342 1323 4409 consuetudo
