3136 5024
690 277 866 329 -341ὴ

195 474 216 518 a
239 453 464 518 meretricibus
489 453 611 518 statuit
634 454 730 538 quasi
761 475 781 518 a
809 452 903 518 iuriis
927 453 961 517 in
985 453 1043 518 illa
1067 453 1235 518 comoedia
1258 454 1366 520 fuisse

194 568 373 650 agitatum:
398 566 438 632 cf.
455 567 576 633 Athen.
594 567 668 632 XIII
692 569 755 633 567
780 589 798 633 e
820 597 864 625 =
887 567 926 632 fr.
944 570 986 634 25
1009 568 1070 634 K0.

705 717 774 805 ιπερὶ
796 719 829 785 δὲ
852 700 905 784 tha
928 719 1099 784 aavdhttuu

428 831 541 899 εὕδουσι
563 839 664 918 γρᾶες,
688 834 816 900 Νάννιον
840 831 990 918 Πλαγγὼν
1013 832 1103 900 Λύκα

429 947 593 1015 Γνάῗαινα
616 951 715 1036 Φρύνη
740 949 910 1035 Πυὶκονίκη
935 949 1068 1035 Μυρρίνη
1202 1041 1203 1044 ¹

431 1063 540 1149 Χρνοὶς
563 1063 712 1141 rovorate
728 1059 891 1150 Ἱερόκλεια
914 1065 1074 1131 Λοπάδιον,
1088 1065 1125 1152 ⁶³)

193 1295 197 1301 .
301 1215 348 1279 De
373 1220 518 1301 tempore
549 1215 736 1281 comoediae
759 1215 947 1299 Wagnerus
978 1216 1045 1297 egit
1069 1216 1168 1302 (Diss.
1186 1239 1216 1301 p.
1237 1215 1278 1278 14
1303 1216 1365 1301 sq.)

196 1334 296 1414 atque
320 1331 418 1395 annis
441 1330 508 1395 fere
534 1331 912 1396 335-30v01uiteam
938 1331 1093 1417 scriptam
1119 1352 1201 1395 esse.
1241 1330 1366 1395 Contra

194 1446 349 1511 Koertius
371 1447 415 1532 (in
430 1447 619 1511 recensione
643 1446 886 1511 dissertationis
909 1447 1053 1511 BPhW
1070 1448 1113 1511 26
1138 1444 1247 1534 [1906]
1274 1448 1363 1529 901),

195 1561 327 1647 propius
352 1562 394 1626 ab
419 1583 506 1626 anno
532 1563 596 1625 2345
619 1538 693 1626 earn
724 1561 948 1627 collocandam
980 1566 1107 1627 censet:
1146 1561 1275 1644 „Dureh
1300 1560 1365 1626 den

132 1685 134 1689 '
196 1675 462 1762 Skandalprozess
487 1677 544 1742 des
568 1678 767 1758 Timarchos
793 1677 910 1761 inquit,
938 1677 983 1740 im
1005 1677 1106 1742 Jahre
1131 1678 1205 1759 345,
1229 1677 1265 1740 in
1289 1675 1364 1741 dem

196 1791 298 1855 auder
314 1792 487 1857 hischines
504 1794 590 1857 auch
606 1793 829 1875 Aristogeiton
854 1792 965 1878 (Harp.
983 1815 1008 1857 s.
1026 1815 1058 1857 v.
1077 1791 1294 1876 Αὐτοκλείδης)
1312 1791 1365 1856 die

195 1906 431 1972 Leidensehaft
447 1907 504 1973 des
520 1907 736 1974 Autokleides
753 1908 806 1973 fiir
821 1909 959 1974 Manner
974 1907 1243 1990 hervorgehohen
1255 1908 1363 1987 hatte,
1435 1990 1438 1995 ἱ

195 2023 240 2087 ist
263 2021 319 2087 der
342 2023 439 2112 Spott
463 2023 519 2088 der
542 2024 711 2103 Komiker¹
722 2023 781 2088 auf
798 2024 857 2088 ihn
873 2045 980 2106 genart
998 2045 1035 2089 so
1051 2024 1115 2088 wie
1132 2023 1191 2088 auf
1206 2023 1365 2106 Misgolas

196 2137 259 2203 den
291 2138 421 2203 Freund
452 2137 508 2203 der
537 2138 742 2204 Kitharoden
766 2139 887 2225 (Aisch.
905 2139 919 2203 I
940 2139 998 2224 41)
1029 2138 1365 2204 heraufbcschworen

196 2253 360 2320 worden.“
410 2258 616 2336 Argumenta
639 2253 706 2336 illa,
731 2255 852 2338 quibus
875 2253 1063 2337 Wagnerus
1087 2253 1130 2318 ad
1153 2259 1284 2341 tempus
1310 2274 1365 2320 co-

195 2368 343 2433 moediae
368 2368 593 2433 definiendum
617 2392 698 2434 usus
722 2374 783 2452 est,
803 2390 870 2434 non
887 2369 1039 2434 sufficere
1055 2369 1211 2434 Koertius
1228 2368 1365 2434 demon-

196 2484 331 2548 stravit:
356 2488 434 2548 ante
459 2506 584 2548 annum
608 2485 673 2548 335
696 2484 750 2549 ille
774 2484 881 2550 noluit
896 2484 1047 2551 fabulam
1062 2506 1192 2570 ponere,
1213 2505 1255 2549 ne
1272 2483 1365 2549 Gna-

88 2600 91 2611 '
197 2599 332 2680 thaena,
350 2619 450 2682 quam
473 2600 508 2664 in
525 2599 675 2683 catalogo
699 2600 754 2665 illo
771 2601 978 2665 meretricum
996 2603 1169 2664 enumerat
1191 2599 1364 2680 Timocles

197 2714 296 2779 nimio
321 2714 444 2780 aetatis
468 2715 576 2800 spatio
593 2737 614 2780 a
629 2715 760 2801 Diphilo
777 2719 926 2781 amatore
942 2716 1184 2798 seiungeretur:
1208 2715 1265 2799 qui
1289 2737 1365 2780 cum

196 2830 298 2895 etiam
322 2852 409 2896 anno
434 2824 557 2895 289'111
580 2831 666 2896 vivis
691 2831 810 2918 (Plaut.
827 2831 924 2896 Most.
945 2833 1044 2912 11493
1069 2831 1109 2896 cf.
1134 2830 1297 2895 Hueffner
1316 2830 1365 2895 De

303 3061 334 3127 ⁰³)
357 3063 536 3115 Luculentum
562 3064 606 3114 hie
631 3062 759 3115 habemus
786 3065 812 3114 in
839 3062 928 3114 media
953 3060 1091 3115 comoedia
1116 3062 1234 3116 chorum.
1280 3061 1365 3126 Quem

196 3151 367 3203 Hermannus
390 3151 510 3203 Seltoene
535 3160 594 3218 post
612 3153 730 3217 singulos
757 3160 833 3203 actus
859 3151 995 3204 confectos
1021 3158 1158 3203 cantatum
1184 3151 1365 3215 saltatumque

196 3238 327 3306 prodiisse
347 3242 472 3307 opinatur
498 3256 551 3292 uon
576 3241 655 3292 aliter
674 3247 753 3307 atque
775 3241 869 3310 κῶμον
888 3241 963 3292 illum
982 3239 1203 3302 adulescentium,
1227 3255 1280 3306 quo
1304 3255 1366 3291 cum

196 3329 263 3380 alios
282 3336 338 3385 tunt
357 3328 536 3381 Menandrum
562 3330 668 3395 saepius
692 3346 739 3396 pro
759 3329 838 3382 choro
861 3345 921 3381 usos
945 3345 1001 3381 esse
1028 3345 1115 3394 nuper
1134 3328 1224 3381 docuit
1243 3327 1288 3379 Fr.
1309 3327 1366 3380 Leo

197 3417 287 3468 Herm.
299 3417 387 3469 XLIII
402 3418 494 3484 (1908)
514 3419 581 3484 1163
601 3419 653 3471 308
664 3435 720 3485 sqq.
735 3417 779 3485 (cf.
800 3418 898 3470 Koerte
912 3419 947 3470 ib.
961 3418 1013 3470 299
1026 3429 1102 3485 sqq).
1131 3416 1183 3470 Sed
1197 3419 1224 3468 in
1239 3417 1367 3469 Timoclis

197 3505 410 3558 Orestautoclide
434 3508 587 3560 meretrices
607 3515 665 3560 arte
688 3523 747 3559 cum
767 3507 897 3559 dramatis
921 3508 1025 3559 actione
1049 3509 1207 3560 coniunctae
1226 3505 1310 3557 fuisse
1330 3508 1368 3558 ri-

197 3594 303 3662 dentur,
328 3596 499 3660 quamobrem
526 3597 606 3664 paulo
632 3598 745 3649 matures
769 3595 929 3648 crediderim
955 3597 1026 3647 hunc
1053 3595 1179 3648 Timoclis
1203 3596 1313 3647 chorum
1338 3598 1367 3648 in

196 3683 289 3736 fabula
315 3687 399 3751 egisse
425 3692 515 3752 partes
540 3702 620 3751 quam
646 3688 691 3751 qui
717 3687 802 3737 solum
828 3685 891 3737 dum
918 3686 1062 3738 histriones
1081 3701 1208 3751 personas
1227 3691 1367 3737 mutarent

197 3772 345 3825 delectaret
363 3780 535 3840 spectatores.
573 3774 705 3840 Ceterum,
730 3776 793 3840 quia
817 3777 970 3842 nuperrime
991 3775 1024 3827 de
1044 3775 1149 3827 mediae
1168 3789 1305 3839 novaeque
1325 3790 1368 3827 co·

191 3862 317 3914 'moediao
336 3863 418 3915 choro
431 3865 480 3915 viri
494 3862 566 3916 docti
578 3862 772 3929 disseruerunt,
793 3864 871 3915 liceat
884 3865 1025 3916 nonnullos
1043 3878 1250 3916 commemorare
1263 3863 1367 3928 titulos,

197 3950 292 4016 quibus
311 3951 407 4004 chorus
430 3950 577 4017 significari
600 3951 738 4004 videatur:
759 3951 870 4008 Ἶιιπιῖς
890 3949 1016 4022 Λήμνιαι
1036 3952 1207 4019 Antiphanis‚
1225 3949 1370 4021 Νηρηΐδες

197 4038 293 4096 Πόλεις
303 4040 513 4107 AnaxandridIs,
523 4038 1221 4110 AupnudqpooocPhiletaeri,’ricuardusEpicratis,
1230 4041 1370 4107 Γίγαντες

197 4129 301 4181 Cratini
312 4131 431 4195 iunioris,
445 4127 754 4199 Δημοσάιιιροι”11ρωες
767 4130 803 4196 (1)
814 4127 926 4198 Ἰκάριοι
936 4128 1055 4197 Σάτυροι
1065 4129 1318 4197 Τ1ωο6115,”11ρωες
1330 4130 1369 4196 (P)

198 4216 377 4289 Μιιρμιδόνις
400 4218 577 4285 Philemonis,
601 4217 741 4274 Δαναΐδες
759 4217 886 4288 Λήμνιαι
911 4220 1023 4287 Diphili.
1060 4220 1204 4272 Praeterea
1223 4216 1369 4272 manifesto

197 4307 308 4360 chorum
327 4306 553 4375 deprehendimus
572 4308 721 4375 Antiphon.
740 4306 774 4360 fr.
798 4309 831 4360 91
847 4308 908 4373 (K0.
923 4309 947 4360 lI
966 4309 1020 4375 48),
1034 4309 1113 4359 Alex.
1129 4306 1371 4377 1123701383),

199 4396 328 4448 Henioeh.
348 4395 381 4451 fr.
401 4397 418 4448 ι’)
437 4397 474 4463 (ll
493 4397 553 4463 433,
573 4395 606 4448 ef.
626 4395 698 4448 infra
716 4413 741 4463 p.
760 4397 815 4461 39).
