3136 5024
700 262 877 316 ..36-

203 439 306 506 illudi.
317 441 354 529 ⁶⁶)
413 441 529 525 Neque
566 461 644 506 vero
676 440 769 506 credo
800 441 900 527 paulo
935 444 1012 528 post
1042 463 1072 508 a.
1100 441 1166 507 345
1196 441 1380 538 Timoclcm
1423 461 1426 467 ·

204 555 346 643 Sinopae
369 578 511 643 persona
542 558 677 623 chorum
708 578 806 622 suum
834 578 901 622 non
924 557 1155 644 locupletasse,
1180 559 1380 645 praesertim

203 671 300 756 quod,
326 675 365 738 ut
392 693 567 738 numerum
591 671 777 758 compleret,
803 671 847 737 ad
869 673 1006 739 nomina
1029 667 1220 739 obscuriora
1243 674 1273 738 ei
1298 694 1378 740 con-

202 786 396 870 fugiendum
420 792 507 853 crat:
538 787 578 853 de
603 787 770 853 Oonallide
793 787 965 854 Hieroclea
993 788 1139 875 Lopadio
1170 788 1305 855 aliunde
1329 789 1378 856 nil

202 925 263 968 nos
288 902 420 987 quidem
444 907 647 990 compertum
675 903 848 969 habemus.
895 904 1012 990 ltaque
1042 908 1119 991 post
1148 925 1276 971 annum
1305 905 1377 971 fere

203 1018 402 1104 340potius
426 1017 722 1085 Orestautoclidem
746 1019 963 1105 compositam
991 1041 1063 1085 esse
1088 1019 1228 1085 credam.

532 1257 799 1327 Mnesimnchi
830 1259 1034 1337 Φίλιππος.

307 1418 359 1484 ΑΙ)
390 1419 523 1484 homine
552 1419 721 1502 nobiliore,
754 1441 854 1504 quam
886 1421 942 1506 qui
972 1415 1075 1505 ἄγριος
1102 1420 1156 1486 ille
1180 1420 1375 1487 Autoclides

201 1537 282 1616 crat,
308 1534 524 1599 denominata
546 1537 598 1599 cst
620 1535 837 1600 Mnesimachi
859 1535 1029 1622 Philippus
1054 1535 1162 1622 (Mein.
1180 1537 1212 1602 h.
1231 1557 1273 1602 cr.
1291 1537 1373 1620 2123,

200 1648 261 1714 Ko.
286 1649 323 1715 H.
347 1650 413 1713 441-
443 1650 518 1736 sq.),
549 1671 570 1714 a
599 1671 674 1733 rege
697 1649 925 1733 Macedonum,
957 1650 1044 1737 quod
1075 1651 1254 1718 admodum
1285 1655 1374 1718 certe

201 1768 312 1850 potest
335 1763 563 1830 demonstrari.
611 1766 757 1830 Primum
774 1766 861 1832 enim
885 1769 980 1832 aetas
996 1771 1115 1853 poetae
1139 1768 1305 1852 congruit:
1330 1767 1372 1834 cf.

201 1879 291 1946 Suid.
309 1903 335 1946 s.
352 1903 384 1947 V.
402 1880 619 1967 Μνησίμαχος·
644 1877 772 1966 ποιητὴς
801 1879 860 1968 τῆς
883 1884 977 1977 μέσης
1000 1882 1181 1972 κωμῳδίας..
1213 1883 1313 1949 Porro
1337 1884 1372 1948 in

198 1994 237 2060 fr.
257 1998 299 2061 10
325 1996 477 2061 Dorionis
507 1996 652 2062 tibicinis
683 1997 806 2062 mentio
838 1997 980 2080 inicitur,
1012 2019 1111 2082 qucm
1141 1996 1231 2084 apud
1260 1998 1372 2063 Mace·

200 2110 318 2177 donem
343 2115 581 2177 commoratum
609 2133 682 2177 esse
707 2111 837 2177 dicunt:
868 2113 903 2177 in
935 2113 1087 2178 convivio
1118 2117 1195 2199 post
1223 2134 1372 2199 pugnam

199 2227 483 2293 Chaeronecnsem
498 2226 671 2292 ‘celebrato
695 2228 786 2293 tibiis
814 2228 970 2293 cecinisse
994 2228 1099 2293 fertur
1123 2228 1255 2314 (Theop.
1281 2227 1372 2314 apud

198 2343 319 2408 Athen.
342 2342 373 2406 X
402 2343 469 2406 435
499 2342 535 2424 b,
567 2341 607 2407 ci.
631 2343 746 2430 Haupt
775 2343 886 2409 Herm.
911 2343 985 2408 Vlll
1016 2342 1136 2432 [1874],
1168 2366 1198 2430 p.
1223 2346 1370 2427 10-123

197 2481 229 2523 v.
253 2458 319 2522 dan
342 2457 431 2544 apud
461 2456 577 2522 PWV
600 2458 684 2522 1563
708 2458 778 2546 sq).
810 2499 853 2506 —
887 2460 925 2523 ln
952 2459 991 2524 ir.
1020 2462 1036 2523 Ι
1062 2458 1200 2524 militem
1224 2459 1370 2546 aliquem

198 2573 375 2656 gloriosum
399 2571 588 2638 adversario
620 2594 655 2638 se
685 2573 867 2640 iactantem
892 2573 1061 2640 audimus:
1093 2573 1220 2657 gladios
1251 2579 1371 2640 acutos

198 2709 233 2753 se
257 2709 401 2772 suosque
425 2688 459 2752 in
483 2709 565 2753 cena
588 2688 692 2754 solere
716 2689 884 2755 comedere
912 2689 1132 2775 ardentesque
1155 2689 1246 2755 iaces
1277 2692 1311 2756 ct
1335 2690 1370 2754 in

198 2804 322 2869 mensis
345 2803 499 2870 secundis
524 2804 723 2887 sagittarum
747 2826 929 2884 mucrones
953 2827 1010 2892 pro
1035 2805 1180 2891 pulvinis
1204 2805 1309 2871 scutis
1334 2825 1370 2871 sc

197 2921 247 2987 uti
269 2919 451 3005 loricisquc.
505 2921 690 2985 Meinekius
721 2921 834 2985 militis
862 2920 1052 2987 Macedonis
1083 2921 1283 2986 iactationcs
1314 2921 1369 2986 vel

196 3036 300 3122 ipsius
336 3035 478 3120 Philippi
516 3056 693 3125 agnoscere
729 3037 791 3101 sibi
821 3036 915 3101 visus
952 3041 1013 3103 est.
1072 3038 1219 3102 Possunt
1253 3041 1369 3102 autem

195 3151 308 3232 verba,
334 3151 368 3215 ni
391 3150 497 3232 fallor,
522 3151 624 3215 etiam
640 3151 779 3216 oratoris
795 3151 899 3216 fuisse
916 3152 1130 3217 Atheniensis
1147 3152 1225 3217 belli
1241 3132 1368 3238 cupidi-

195 3271 267 3333 tate
290 3266 502 3348 inflammati,
526 3266 632 3332 veluti
654 3267 759 3352 ipsius
782 3267 1026 3350 Demosthenis,
1044 3268 1132 3352 quod
1155 3289 1222 3333 non
1245 3268 1369 3354 impro-

195 3381 306 3446 babile
322 3381 490 3446 videbitur
506 3383 711 3468 comparanti
727 3383 860 3448 Timocl.
878 3383 916 3447 ir.
937 3384 986 3465 12,
1011 3387 1031 3448 i)
1056 3384 1185 3469 (11457,
1203 3405 1224 3448 a
1240 3382 1369 3450 Koclrio

196 3496 239 3561 ad
254 3497 403 3561 Mnesim.
421 3497 504 3562 Phil.
521 3497 717 3585 laudatum),
743 3520 760 3562 c
780 3551 786 3580 ,
811 3500 873 3563 hoc
889 3500 917 3562 si
934 3498 1122 3584 accipimus,
1140 3499 1248 3564 iocose
1265 3519 1368 3585 oppo-

196 3613 262 3677 sita
286 3616 337 3677 est
359 3612 510 3698 putanda
533 3614 600 3678 ista
623 3613 725 3677 animi
750 3618 851 3697 atque
868 3636 995 3679 morum
1013 3614 1171 3679 atrocitas
1196 3615 1368 3680 convivio-

302 3823 333 3888 16)
352 3826 500 3891 Antiphon.
530 3826 563 3878 ir.
589 3827 649 3891 170,
673 3826 821 3891 Necttidis3
845 3834 949 3892 tempus
974 3827 1091 3879 ostendit
1116 3826 1269 3880 antitheton
1296 3828 1368 3880 illud

194 3912 335 3979 famosum,
360 3930 411 3980 quo
430 3915 456 3966 in
471 3931 500 3966 rc
514 3916 693 3968 llalonnesica
711 3931 773 3967 neus
794 3924 833 3967 cst
852 3916 1052 3982 Demosthenes,
1072 3915 1189 3968 derisum
1202 3914 1235 3967 fr.
1251 3917 1311 3983 169,
1330 3917 1367 3973 cf.
1400 3926 1403 3933 “

194 4003 294 4054 Athen.
313 4003 351 4053 Vl
370 4003 421 4056 223
440 4002 456 4054 d
470 4020 537 4070 sqq.;
558 4004 639 4055 Mein.
659 4005 685 4055 h.
700 4021 736 4056 cr.
753 4004 819 4070 3293
839 4003 968 4057 Schaeier
981 4006 1056 4059 Dem.
1070 4004 1108 4056 ΙΙ2
1120 4005 1172 4058 439
1185 4021 1245 4056 cum
1259 4005 1322 4058 adn.
1336 4007 1368 4073 43

195 4090 396 4143 concedendum
422 4100 461 4144 est
485 4093 534 4145 hoc
563 4093 595 4145 ir.
621 4094 659 4144 nil
687 4094 760 4145 nobis
786 4093 857 4144 tradi
883 4095 933 4145 nisi
962 4091 1134 4163 μνημονεύει
1161 4092 1188 4143 δ’
1206 4091 1292 4163 αὐτῆς
1317 4099 1366 4159 (sc.

195 4177 337 4251 Eadm)
356 4180 517 4251 ilvltmcirqc
532 4225 536 4234 .
553 4225 557 4234 .
573 4225 577 4234 .
592 4180 622 4233 ἐν
646 4181 770 4233 Νεοττίδι
790 4183 898 4249 (Athen.
919 4183 985 4235 Xlll
1004 4185 1099 4248 btissa),
1125 4185 1216 4249 itaque
1242 4186 1366 4236 mortuae

194 4269 307 4336 Sinopae
326 4273 488 4324 mentionem
507 4271 631 4323 habuisse
651 4280 758 4339 poetam
778 4273 909 4338 quispiam
929 4272 1099 4324 contenderit
1118 4274 1177 4324 coll.
1197 4271 1310 4324 Philem.
1331 4272 1366 4326 tr.

194 4358 227 4410 16
246 4358 307 4424 (Kc,
327 4360 353 4410 ll
372 4361 433 4427 482)
452 4368 479 4412 et
497 4360 632 4426 Posidipp.
652 4360 685 4415 fr.
707 4361 738 4412 12
759 4361 810 4425 (ΙΙΙ
828 4362 904 4428 339);
925 4361 971 4414 sed
991 4378 1045 4413 non
1065 4363 1208 4414 verisimile
1228 4360 1287 4413 hoc.
