3136 5024
684 254 877 308 --lbd-m

194 428 259 514 al).
285 428 407 493 Similis
432 433 484 494 θεῖ
507 428 660 514 Dioxippi
683 424 1108 512 ῖίῖυΙυεἈντιπορνοβοσκός
1131 426 1201 513 (K0.
1216 427 1264 493 HI
1279 429 1371 517 358).

195 583 237 591 —
261 544 353 609 Duas
377 544 497 609 Laides
521 545 626 609 luisse
650 544 678 609 si
701 544 819 609 melius
844 549 933 613 esset
956 543 1126 623 tradItum,
1154 543 1278 610 diceret
1301 544 1372 610 for·

195 661 284 724 sitan
309 660 428 743 aliquis
445 661 515 746 ipso
532 660 630 725 titulo
648 661 807 724 minorem
824 659 1004 742 significari
1020 657 1166 742 Laidem,
1179 680 1272 744 ⁴quae
1294 680 1372 725 cum

194 776 318 840 maiore
350 775 389 840 de
416 776 603 861 principatu
633 760 815 841 meretricio
848 775 1006 861 inciperet
1037 778 1176 858 certare3
1208 773 1268 840 sed
1298 776 1373 861 ipse

195 890 314 956 titulus
338 890 371 954 id
395 891 485 955 nullo
506 890 606 957 modo
623 892 738 976 poscit.
759 930 799 938 —
822 894 876 955 An
898 890 1070 955 credamus
1086 891 1225 956 finxisse
1249 894 1373 976 poetas

194 1007 355 1071 iuniorem
379 1005 525 1088 Laidem,
551 1007 604 1072 cui
626 1011 744 1092 postea
767 1007 873 1071 vitam
897 1005 1067 1071 dedissent
1090 1006 1260 1071 historici?

300 1201 360 1266 His
384 1202 575 1267 meretriciis
599 1202 707 1267 titulis
728 1201 889 1288 expeditis
907 1201 989 1266 alios
1006 1200 1183 1267 nonnullos
1200 1201 1373 1267 allaturus

195 1339 279 1399 sum⁷
305 1317 464 1401 quinum
489 1317 553 1382 huc
576 1318 766 1403 pertineant
790 1317 927 1383 dubium
951 1320 1012 1382 est.
1059 1317 1180 1382 Eorum
1209 1316 1295 1382 duas
1321 1301 1374 1380 di-

195 1432 364 1513 stinguam
388 1431 510 1497 classes
535 1431 650 1497 eodem
674 1454 738 1518 quo
763 1437 865 1497 antea
888 1437 984 1519 pacto
1016 1431 1068 1516 (cf.
1085 1455 1115 1518 p.
1134 1434 1202 1518 95):
1226 1433 1376 1517 primum

194 1567 250 1611 eos
275 1547 475 1611 enumerabo
501 1546 743 1612 comoediarum
767 1546 901 1630 indices
927 1569 1010 1633 quos
1026 1569 1048 1623 a
1064 1548 1201 1634 propriis
1224 1548 1374 1612 nomini-

194 1662 257 1726 bus
275 1661 467 1747 desumptos
484 1683 557 1727 esse
574 1662 651 1727 licet
668 1667 792 1727 certum
810 1664 863 1746 είῖ,
880 1666 995 1728 tamen
1008 1685 1029 1728 a
1044 1662 1206 1728 fabulosis
1222 1662 1375 1741 mulieri-

197 1777 257 1841 bus
281 1781 405 1841 tractos
431 1798 502 1842 esse
527 1776 617 1842 haud
642 1777 823 1842 absurdum
848 1782 900 1843 θεῖ
928 1779 1134 1861 existimare3
1165 1777 1283 1842 deinde
1315 1799 1375 1844 eos

195 1914 370 1978 apponam,
389 1894 443 1978 qui
461 1914 540 1957 num
557 1914 614 1978 pro
632 1894 821 1959 nominibus
837 1893 982 1959 habendi
1007 1895 1075 1959 sint
1091 1894 1295 1976 ambiguum.

592 2094 726 2163 Alcaei
756 2094 975 2163 Καλλιστώ.

303 2248 435 2313 Illorum
448 2248 573 2333 primus
587 2247 631 2313 sit
643 2247 756 2312 Alcaei
774 2247 893 2312 titulus
910 2247 1045 2313 Callisto
1063 2248 1171 2329 (Mein.
1189 2249 1221 2313 h.
1237 2269 1278 2314 cr.
1289 2250 1356 2314 247
1367 2274 1374 2332 ς

194 2362 298 2428 FCG
323 2364 405 2444 112,
431 2365 494 2427 829
520 2362 615 2444 adn.;
639 2362 699 2428 Ko.
725 2364 738 2426 l
771 2365 833 2427 759
866 2364 936 2449 sq.),
968 2364 1025 2447 qui
1056 2367 1167 2449 potest
1189 2364 1303 2430 referri
1328 2364 1375 2430 ad

195 2478 363 2543 heroidem
387 2478 478 2542 illam
503 2480 549 2543 sic
573 2478 790 2559 nominatam,
815 2478 979 2564 Lycaonis
999 2478 1115 2561 filiam,
1140 2483 1210 2562 aut,
1235 2479 1264 2544 si
1287 2479 1372 2545 Mei-

23 2678 26 2685 ·
102 2603 105 2609 ’
196 2594 330 2658 nekium
357 2592 463 2675 audis,
489 2593 532 2658 ad
549 2593 761 2658 Callistonem
778 2595 981 2659 meretricem
999 2594 1131 2679 (Athen.
1148 2594 1223 2659 XIII
1246 2596 1314 2660 583
1328 2597 1371 2680 a).

195 2713 240 2774 At
264 2730 311 2790 eo,
345 2708 432 2793 quod
456 2709 538 2773 haec
568 2709 685 2773 mulier
714 2710 846 2774 nomine
877 2709 1069 2790 Καλλίστιον,
1101 2710 1294 2792 cognomine
1311 2701 1374 2788 Ὗς

197 2823 286 2910 apud
308 2825 504 2890 Machonem
528 2825 690 2889 Athenaei
716 2825 736 2888 l.
752 2825 773 2890 l.
791 2824 941 2909 aequalis
965 2830 1017 2889 est
1034 2824 1255 2890 Gnathaenae
1279 2824 1373 2892 illius

194 2939 382 3025 praeclarae
413 2940 535 3026 Diphili
566 2941 692 3005 amicae
723 2939 774 3026 (de
806 2962 872 3024 qua
902 2941 987 3026 inpr:
1010 2940 1086 3005 vide
1110 2940 1257 3024 Wagner
1280 2941 1372 3007 Diss.

194 3077 224 3140 p.
245 3056 285 3118 13
310 3056 403 3142 sqq.),
429 3059 515 3120 certe
540 3076 606 3119 non
631 3054 882 3121 commendatur
908 3055 966 3120 illa
990 3056 1188 3133 coniectura,
1213 3057 1373 3140 quamvis
1424 3038 1425 3042 Ἰ

194 3169 331 3256 paulurn
344 3169 423 3234 fidei
436 3170 565 3235 tribuas
577 3170 743 3235 Machoni:
761 3171 904 3236 Alcaeus
917 3172 1004 3235 enim
1017 3172 1084 3236 iarn
1097 3193 1127 3237 a.
1140 3173 1203 3236 388
1216 3170 1373 3237 fabulam

195 3284 307 3350 docuit
331 3286 410 3370 (una
433 3307 508 3350 cum
528 3286 629 3350 Arist.
653 3286 760 3368 Pluto,
786 3308 818 3351 v.
845 3289 977 3369 Argum.
995 3286 1040 3351 IV
1056 3287 1166 3369 Prot),
1187 3285 1373 3372 eademque

196 3401 234 3465 de
260 3423 362 3466 causa
390 3400 492 3466 dubia
516 3406 568 3466 θεῖ
591 3401 732 3466 Nauchii
764 3402 873 3488 opinio
898 3401 1075 3488 (Aristoph.
1093 3403 1171 3488 Byz.
1189 3424 1219 3488 p.
1237 3402 1302 3466 277
1321 3425 1373 3488 sq.

195 3517 356 3604 adoll),
382 3518 437 3602 qui
462 3515 504 3581 ad
529 3516 669 3581 eandem
693 3518 897 3583 meretricem
921 3517 1179 3603 Cephisodori
1206 3517 1372 3597 fabulam,

196 3654 282 3717 quae
299 3623 364 3709 Ὗς
388 3634 547 3718 inscripta
570 3637 622 3699 est
646 3633 754 3720 (Mein.
772 3634 803 3697 h.
822 3655 863 3698 cr.
882 3635 962 3714 2683
986 3633 1047 3698 Ko.
1066 3633 1079 3696 I
1103 3635 1165 3698 801
1192 3632 1262 3719 sq.)‚
1296 3655 1372 3718 per-

195 3749 336 3813 tinuisse
361 3749 508 3814 coniecit.
556 3749 642 3814 Nam
667 3748 906 3835 Cephisodorus
931 3749 1081 3833 aequalis
1108 3748 1213 3814 fuisse
1236 3746 1375 3814 videtur

196 3863 308 3928 Alcaei
321 3864 363 3950 (v.
377 3886 406 3949 p.
424 3866 487 3927 144
501 3867 570 3949 sq.).
603 3865 690 3929 Nurn
711 3887 787 3947 „sus
803 3865 959 3930 Boeotia“
976 3863 1198 3947 intellegenda
1213 3864 1267 3946 sit,
1281 3865 1375 3949 quod

194 3979 467 4044 Hemsterhusius
483 3979 591 4045 voluit
611 3980 662 4060 (cf.
681 3981 777 4045 Mein.
790 3980 811 4043 l.
825 3980 868 4065 1.),
886 3981 1006 4045 nescio.
1018 3981 1069 4069 ⁸⁹4)
1083 4020 1126 4026 —
1144 3979 1251 4044 Aliam
1264 4000 1373 4045 mere-

195 4095 309 4160 tricem
344 4096 516 4173 Καλλιστώ,
551 4089 607 4159 eir
643 4097 859 4179 ἐπικληῗῖεῐσαν
891 4099 1099 4181 Πτωχελένην,
1135 4099 1375 4162 commemorat

195 4211 316 4274 Athen.
334 4210 407 4274 XllI
424 4212 489 4276 585
506 4211 557 4275 bc
578 4232 619 4275 ex
635 4210 843 4276 Aristodemo
862 4211 901 4295 (ἐν
921 4215 1046 4299 δευτέρῳ
1063 4211 1193 4277 Γελοίων
1206 4207 1373 4297 Ἀπομνη-

303 4387 347 4453 ³³⁴)
369 4390 425 4440 Cet.
446 4388 479 4442 cl.
499 4388 637 4455 Aristoph.
657 4388 690 4440 tr.
711 4390 762 4442 917
781 4389 840 4453 (K0.
861 4390 962 4453 1594).
