3136 5024
693 258 866 311 ,ρὸ-

408 436 435 503 ei
457 436 511 522 μὲν
534 435 660 521 ποιηταὶ
682 436 772 522 λῆρός
796 439 866 503 εἰσιν
885 458 890 472 ·
909 435 975 502 οὐδὲ
998 437 1028 500 ἓν

407 547 508 619 καινὸν
531 546 590 637 γὰρ
614 551 805 637 εὑρίσκουσιν,
834 546 913 618 ἀλλὰ
937 552 1101 637 μεταφέρει

408 668 538 744 ἕκαστος
562 665 661 733 αὐτῶν
686 663 768 733 ταῦτ’
797 663 859 732 ἄνω
885 690 919 731 τε
942 664 996 732 καὶ
1019 665 1107 732 κάτω

175 840 178 853 .
194 783 331 847 Timeeli
344 805 424 848 sane
438 784 600 848 ascribere
613 783 726 848 malim
739 805 839 867 quam
852 783 1025 847 Xenarehe
1042 782 1119 846 huie
1135 781 1307 846 imitatori.
1317 780 1367 868 202)

550 988 745 1057 Anaxilae
778 990 1010 1075 Βοτρυλίωυ.

304 1142 409 1206 Unius
434 1145 552 1227 poetae
568 1141 734 1218 laudatur,
761 1163 846 1226 quae
862 1142 1030 1226 Βοτρυλίωυ
1047 1141 1216 1223 audiebat,
1237 1118 1369 1219 tabula,

195 1258 359 1323 Anaxilae
376 1257 484 1343 (Mein.
502 1257 534 1322 h.
553 1279 594 1322 er.
611 1259 676 1323 407
695 1279 759 1341 sq.:
783 1257 843 1323 K0.
864 1257 995 1343 11265),
1020 1258 1114 1322 euius
1130 1258 1262 1340 exigua,
1284 1277 1369 1341 quae

141 1457 144 1470 υ
196 1377 384 1459 supersunt,
408 1372 598 1455 fragmenta
620 1373 686 1437 tria
709 1373 873 1458 n0n1plus
898 1394 998 1458 quam
1015 1373 1135 1438 titulus
1152 1373 1223 1458 ipse
1241 1371 1281 1438 de
1299 1372 1369 1437 eius

195 1489 447 1573 argumentique
468 1489 597 1553 ratione
624 1487 757 1553 debent:
787 1509 907 1553 nemen
923 1489 1011 1553 enirn
1028 1511 1049 1553 a
1064 1487 1171 1573 βότρυς
1186 1487 1241 1553 vel
1256 1487 1371 1573 Βότρυς

196 1604 332 1669 duetum
363 1604 414 1690 (ef.
440 1603 537 1668 Mein.
562 1604 582 1668 l.
606 1603 641 1685 l,
673 1603 907 1669 Fiek-Beehtel
930 1625 960 1690 p.
985 1605 1027 1668 27
1053 1627 1100 1689 sq.
1127 1604 1203 1691 325)
1235 1602 1370 1669 aliunde

196 1721 277 1784 mihi
300 1741 367 1785 non
391 1719 558 1802 cognitum
582 1719 661 1804 quid
684 1719 738 1786 vel
762 1740 860 1803 quern
885 1720 1050 1810 significet
1073 1719 1170 1806 plane
1194 1720 1317 1784 nescia.
1370 1732 1375 1743 ·

400 1938 582 2008 Αταιοιίε
611 1939 698 2008 sive
729 1939 875 2018 Eubuli
904 1941 1156 2026 Καμπυλίωυ,

302 2091 416 2177 Neque
440 2092 557 2170 melius
582 2113 633 2157 res
657 2092 804 2177 precedit
827 2092 866 2156 de
891 2093 1040 2157 Araretis
1065 2068 1135 2157 sive
1152 2091 1274 2158 Eubuli
1299 2092 1371 2180 (du-

196 2208 353 2274 bitabant
376 2208 473 2290 enirn,
511 2208 618 2272 utrius
646 2206 764 2272 fabula
794 2210 893 2294 esset)
928 2208 1128 2292 Καμπυλίωνι
1150 2207 1259 2293 (Mein.
1276 2208 1310 2273 h.
1329 2229 1371 2275 er.

196 2325 271 2387 345.
290 2324 370 2404 3633
394 2323 455 2389 K0.
470 2323 498 2386 ΙΙ
514 2324 589 2387 217.
616 2325 678 2388 118
697 2324 789 2409 squ),
816 2322 854 2388 de
871 2344 935 2407 quo
952 2323 1051 2389 titulo
1068 2321 1157 2408 qued
1172 2322 1298 2409 profert
1310 2323 1372 2389 K0.

144 2522 145 2525 ρ
200 2460 293 2521 „eum
306 2437 453 2524 καμπύλη
467 2439 511 2502 sit
523 2439 730 2519 rustic-orum,
745 2459 824 2503 veee
837 2438 1015 2523 καμπυλίωυ
1028 2438 1197 2503 hominem
1205 2442 1373 2521 agrestem

197 2553 377 2634 significari
386 2553 545 2618 arbitr0r“
557 2555 719 2618 insertum
728 2558 788 2619 est.
797 2552 991 2618 Cemeediae
1000 2575 1066 2619 nen
1076 2552 1221 2619 defuisse
1230 2575 1373 2634 amores

195 2670 408 2750 meretricem,
440 2691 542 2735 anum
573 2670 733 2750 hibauem,
775 2670 964 2735 convivium
994 2669 1203 2776 lautisimum
1235 2691 1253 2734 e
1280 2669 1373 2753 frag-

196 2785 317 2850 mentis
341 2784 417 2850 lieet
441 2784 590 2866 colligere
615 2783 745 2872 (Eubul.
770 2784 808 2849 fr.
833 2786 981 2865 41-453
1005 2787 1097 2849 Arar.
1121 2783 1161 2849 fr.
1179 2786 1224 2868 8).

510 3004 809 3074 Anaxandridis
838 3006 1048 3092 Σατυρίας.

304 3157 551 3222 Anaxandridis
575 3158 693 3224 fabula
718 3159 873 3244 Σατυρίας
897 3159 1005 3246 (Mein.
1029 3160 1061 3225 h.
1087 3181 1128 3224 er.
1153 3132 1237 3244 373}
1261 3160 1322 3228 K0.
1344 3161 1373 3226 H

199 3275 283 3356 155),
323 3295 340 3337 e
368 3295 435 3358 qua
464 3295 567 3337 unum
594 3275 734 3338 verbum
762 3273 881 3360 ὠτάρια
908 3277 1057 3341 servavit
1085 3276 1282 3349 Athenaeus
1319 3275 1372 3362 (ΙΙΙ

197 3390 266 3453 950
282 3418 325 3444 :
341 3388 379 3452 fr.
397 3390 441 3452 43
465 3389 551 3474 K0.),
577 3391 619 3454 ab
644 3389 776 3454 homine
801 3391 871 3455 sive
895 3391 1003 3455 forma
1027 3391 1097 3455 sive
1121 3396 1246 3457 natura
1269 3395 1372 3477 atque

199 3504 329 3584 ingenie
347 3508 460 3589 satyro
478 3505 576 3569 simili
592 3504 723 3569 videtur
740 3505 955 3571 denominata
971 3527 1053 3570 esse.
1090 3501 1231 3590 Σάτυρος
1251 3527 1370 3572 nomen

199 3641 274 3684 eum
304 3620 467 3684 usitatum
507 3621 551 3685 sit
581 3643 642 3686 nee
677 3621 835 3706 Σατυρίων
867 3622 901 3685 in
937 3610 1051 3686 Attica
1086 3622 1372 3708 Prosepegraphia

305 3858 350 3925 202)
370 3860 462 3912 Utrius
483 3866 552 3911 esset
571 3859 672 3928 fabula,
693 3860 876 3928 dubitabatur,
896 3879 919 3914 v.
938 3862 986 3914 K0.
1002 3862 1026 3914 II
1046 3862 1100 3916 470
1113 3878 1150 3928 sq.
1170 3858 1217 3928 (de
1236 3863 1372 3915 sententia

198 3948 231 3999 ef.
252 3948 361 4015 Lysipp.
382 3947 445 4000 fud
466 3949 525 4016 [K0.
540 3949 650 4018 1701)).
670 3982 701 3988 -
723 3951 880 4007 Πένταθλος
898 3952 1001 4017 titulus,
1020 3952 1066 4018 qui
1086 3950 1174 4004 adhue
1193 3950 1266 4018 apud
1284 3952 1370 4004 solum

198 4036 370 4089 Xenarchum
391 4039 520 4104 exstabat,
548 4055 619 4090 nuuc
639 4039 739 4092 Eubuli
764 4041 880 4092 innotuit
900 4040 1022 4093 ePhotio
1048 4040 1245 4093 Reitzensteini
1264 4057 1290 4111 p.
1311 4039 1371 4105 100,

198 4127 317 4192 16-183
336 4126 370 4178 cf.
390 4143 459 4193 quae
479 4127 625 4179 similitude
646 4128 795 4180 indereedit
815 4130 885 4180 inter
904 4128 1041 4181 Xenarchi
1060 4127 1093 4180 fr.
1108 4129 1133 4194 4,
1152 4128 1169 4181 6
1187 4128 1247 4194 (K0.
1267 4128 1293 4180 Il
1306 4128 1369 4193 469)

199 4221 225 4265 et
245 4215 343 4266 Eubuli
363 4215 396 4267 fr.
411 4217 483 4282 67,1
503 4217 620 4283 (11187).
641 4248 674 4254 -
694 4219 820 4283 Πρίαπον
845 4219 952 4268 titulum
976 4219 1048 4270 selus
1074 4217 1232 4271 Xenarchus
1259 4217 1372 4285 praehet

198 4303 256 4368 (K0.
277 4304 391 4371 11472),
418 4305 463 4357 sed
484 4305 517 4356 ef.
542 4306 642 4357 Eubuli
665 4303 810 4375 Ὀρθυὶνην
836 4308 870 4372 (ll
894 4307 945 4359 190
965 4309 1042 4373 squ),
1068 4307 1195 4360 Timoelie
1218 4307 1371 4358 Κονίσαλυν

198 4393 233 4456 (ll
255 4393 326 4458 461).
914 4423 916 4428 ,
1365 4396 1367 4401 ’
