3136 5024
660 279 836 332 „53-

160 453 306 520 traducit
320 454 359 521 fr.
375 456 426 538 15,
443 455 504 521 Ko.
521 455 535 519 Ι
552 456 638 545 737),
661 458 808 542 tempore
829 456 863 520 irl
880 458 1006 521 certum
1021 455 1188 520 hominem
1199 454 1333 520 nomine
1379 444 1382 449 ¹

161 569 406 636 Callaeschrum
430 572 599 637 satirieam
623 571 826 637 comoediam
843 571 984 637 scribere
1005 569 1250 637 eoncedendum
1266 574 1332 650 θεῖς

160 684 218 751 sed
235 706 310 751 cum
325 707 433 771 neque
448 686 547 770 ullus,
573 687 629 772 qui
641 687 856 772 significetur,
870 686 941 752 eius
954 689 1041 752 certo
1056 687 1215 772 temporis
1234 686 1332 751 homo

159 801 266 886 possit
287 800 510 890 indagari118),
536 823 634 886 quern
657 824 714 888 per
737 801 821 867 duas
845 804 936 868 totas
957 802 1143 868 comoedias
1167 802 1333 884 agitatum

159 915 255 981 nobis
277 938 412 1003 prorsus
436 918 587 1000 ignotum
612 939 684 983 esse
708 917 766 982 vix
790 916 990 1001 crediderim,
1020 920 1054 983 et
1077 916 1213 983 titulum
1237 916 1334 982 aliter

158 1031 369 1119 interpretari
390 1031 499 1124 liceat,
523 1032 618 1097 velut
645 1033 813 1098 hominem
847 1032 974 1119 „speeie
1004 1032 1187 1118 pulchrum,
1221 1037 1332 1099 mente

159 1151 307 1233 turpem“
349 1147 432 1235 (Kc.)
463 1148 719 1231 significantem,
732 1148 782 1236 119)
814 1148 884 1214 hoc
905 1128 1049 1214 fortasse
1080 1146 1333 1234 praeferendum

41 1306 45 1313 ι
159 1265 220 1327 est.
245 1302 289 1311 —-
312 1262 448 1349 Ophelio
472 1284 553 1329 num
570 1245 774 1350 Theopompi
797 1262 913 1329 drama
936 1262 1160 1347 aliquomodo
1185 1285 1332 1329 eommu-

159 1381 269 1443 tatum
293 1381 394 1462 alque
422 1382 622 1444 renovatum
652 1379 686 1444 in
717 1400 816 1444 suum
847 1401 944 1444 usum
973 1379 1181 1462 couverterit,
1210 1378 1330 1446 neseio:

397 1562 643 1650 Antiphanls
672 1567 712 1633 et
738 1562 919 1643 Alexidis
949 1565 1091 1632 Μίδων.

235 1760 239 1767 -
265 1713 357 1780 Duos
380 1736 475 1801 porro
493 1714 737 1781 comoediarum
762 1714 897 1798 indices
915 1737 1055 1801 quarum
1072 1715 1245 1801 utriusque
1262 1715 1332 1781 bini

159 1832 311 1895 auctores
326 1829 518 1914 laudantur,
535 1831 714 1918 proferam:
731 1830 896 1897 Midonem
914 1830 985 1896 dieo
1001 1831 1202 1917 Antiphauis
1217 1831 1331 1896 Alexi-

159 1944 274 2028 disque
299 1945 543 2032 eorundemque
566 1947 757 2012 Philiscum.
799 1946 844 2012 Ut
860 1947 903 2012 ab
919 1946 977 2011 illa
1000 1946 1155 2032 incipiam
1172 1946 1280 2033 (Mein.
1296 1946 1329 2012 h.

159 2081 201 2125 er.
219 2058 316 2148 (327.)
332 2062 414 2144 401;
437 2061 498 2128 Ko.
512 2062 541 2127 ΙΙ
559 2063 609 2128 75.
628 2062 714 2149 351),
731 2061 820 2148 apud
836 2061 969 2128 Kirohn.
987 2083 1090 2126 unum
1107 2061 1207 2127 huius
1222 2062 1330 2127 nomi-

158 2175 210 2240 nis
226 2176 414 2262 exemplum
430 2177 600 2243 invenitur
614 2177 713 2262 idque
730 2177 998 2265 suppletum3120)
1022 2175 1140 2242 deinde
1165 2177 1222 2259 eis,
1244 2198 1330 2261 quae
1358 2184 1360 2189 ’

157 2290 254 2357 Mein.
271 2291 292 2357 l.
309 2290 330 2357 l.
347 2290 475 2376 laudat,
493 2293 651 2379 exemplis
676 2293 822 2379 exeeptis
840 2291 1007 2358 Midonem
1029 2293 1109 2358 novi
1131 2295 1260 2378 patrem
1276 2292 1330 2357 vel

156 2406 353 2490 magistrum
369 2407 571 2494 Lamproelis
587 2412 705 2495 poetae
728 2408 962 2496 dithyrambiei
985 2408 1096 2496 (schol.
1120 2408 1220 2473 Arist.
1241 2407 1328 2474 Nub.

158 2523 244 2610 967).
284 2521 332 2588 De
356 2523 418 2588 hoc
433 2523 532 2590 titulo
550 2527 663 2590 autem
680 2523 759 2609 quid
773 2523 925 2607 iudicem,
945 2546 1079 2611 prorsus
1095 2525 1205 2590 neseio
1221 2545 1328 2609 neque

157 2658 293 2729 possum
317 2636 499 2723 decernere,
521 2661 604 2704 num
629 2639 707 2725 quid
731 2660 904 2705 commune
928 2640 958 2705 ei
982 2640 1026 2705 sit
1050 2661 1124 2705 cum
1146 2640 1256 2726 spurio
1272 2638 1328 2705 illo

157 2751 306 2821 Platonis
330 2753 460 2838 dialogo
484 2754 590 2822 Μίδων
612 2752 634 2840 ii
657 2753 852 2842 ἱπποτρόφος,
875 2774 973 2840 quem
1004 2777 1025 2820 a
1048 2754 1194 2839 Diogene
1217 2755 1327 2821 Laert.

157 2867 200 2932 ΙΙΙ
223 2870 265 2934 62
290 2870 429 2935 citatum
452 2871 549 2936 Mein.
568 2870 669 2936 affert
691 2871 712 2936 l.
729 2870 749 2938 l.

262 2984 311 3050 Ne
339 2984 418 3070 quid
445 2986 613 3077 omittam,
646 3007 862 3051 commemoro
895 2986 937 3051 ab
969 2984 1068 3066 illius,
1105 2983 1193 3069 quod
1224 3007 1327 3049 unum

156 3098 293 3165 fabulae
309 3099 489 3166 Alexideae
513 3105 684 3166 servatum
708 3106 769 3183 est,
790 3098 1138 3184 fragmenti'versibus
1163 3101 1237 3187 (148
1254 3100 1327 3187 Κο.)

156 3213 307 3280 fabulam
337 3215 471 3281 initium
502 3217 626 3302 cepisse
658 3217 831 3303 opinatum
862 3238 935 3282 esse
965 3216 1157 3282 Frantzium
1187 3215 1235 3281 De
1266 3216 1327 3282 Co-

157 3329 307 3396 moediae
330 3332 463 3396 Atticae
480 3331 627 3415 Prologis
652 3333 748 3418 (Diss
766 3335 900 3415 Argent.
921 3331 1016 3419 1891)
1041 3353 1071 3417 p.
1094 3333 1151 3415 363
1176 3330 1234 3397 sed
1256 3332 1328 3417 pari

156 3445 226 3511 iure
249 3467 374 3511 novum
398 3451 511 3512 actum
535 3448 582 3512 sic
606 3449 751 3534 coepisse
775 3451 908 3533 poetam
933 3446 1032 3513 dicas.

264 3692 308 3761 ¹¹⁸)
328 3696 514 3749 Callaeschros
525 3697 655 3763 illepater
668 3697 767 3749 Critiae
781 3696 902 3762 (Kirohn.
911 3712 931 3748 s.
941 3713 980 3748 nr.
992 3697 1081 3762 7758),
1101 3712 1170 3747 unus
1179 3711 1193 3747 e
1202 3694 1328 3760 quadrin-

155 3784 243 3850 gentis
261 3785 325 3836 virie
338 3801 361 3838 a.
376 3785 436 3852 411,
456 3787 554 3852 prioris
573 3787 669 3838 aetatis
689 3793 738 3852 est,
757 3784 791 3838 el.
806 3785 887 3837 Mein.
899 3785 925 3837 h.
939 3802 974 3837 er.
989 3785 1049 3837 240.
1060 3815 1095 3822 -
1106 3783 1327 3849 Quattuordeeim

156 3872 223 3925 alios
242 3872 427 3926 Callaeschros
446 3874 626 3926 Athenienses
645 3891 669 3926 v.
683 3867 756 3941 apud
776 3873 886 3926 Kirohn.
907 3873 993 3927 1516.
1030 3876 1073 3925 An
1094 3872 1127 3924 de
1147 3872 1327 3938 Callaeschro,

156 3961 246 4028 quiin
267 3960 484 4016 divitissimorum
509 3962 714 4015 Atheniensium
741 3978 851 4015 numero
876 3962 1028 4015 habebatur
1053 3962 1140 4029 (Dem.
1165 3962 1230 4013 XXI
1255 3962 1327 4030 157),
1357 4015 1359 4019 ,

155 4047 347 4116 cogitandum?
366 4082 401 4091 κ-
418 4082 454 4091 -
473 4051 577 4105 Nomen
598 4054 678 4104 etiam
697 4054 723 4104 A
736 4053 757 4103 P
770 4051 820 4103 Vll
840 4051 900 4106 273.
920 4052 979 4105 395.
999 4052 1059 4105 483.

265 4139 308 4206 ¹¹⁹)
327 4139 366 4192 ef.
387 4139 555 4208 Theopompi
579 4138 740 4210 Ἦδυχάρης
765 4140 823 4207 (Κο.
843 4142 855 4192 l
876 4140 948 4206 733),
975 4156 1027 4206 quo
1052 4141 1161 4192 nomine
1187 4140 1326 4192 Platonem

156 4227 307 4294 significare
327 4230 441 4281 voluisse
461 4238 568 4294 poetam
586 4230 706 4282 Meineki
731 4230 769 4298 (h.
788 4246 824 4282 er.
843 4229 902 4282 211).
921 4229 984 4296 289)
1011 4236 1050 4281 est
1077 4230 1231 4281 coniectura
1254 4229 1327 4281 nullo

155 4323 313 4390 argumento
332 4316 448 4371 firmata.

265 4403 306 4470 ¹²⁰)
324 4405 349 4460 S.
364 4423 402 4459 nr.
422 4407 661 4461 10165=1G11
678 4407 747 4459 1430
765 4406 888 4475 [Mc]dwv
906 4401 1134 4475 Ἀπολλ[ο]δώρου
1146 4402 1325 4475 Φρεά[ρριος).
