3136 5024
686 274 881 351 .-137-

197 453 407 521 aditumnon
423 454 546 538 patere,
565 471 606 515 cx
621 471 686 535 quo
703 453 849 534 tempore
862 449 920 514 illa
936 447 1028 514 dives
1046 449 1090 513 sit
1104 430 1209 529 laota3
1233 447 1371 512 eandem
1475 456 1477 463 '

197 567 428 654 Phrynam³4⁶l
455 571 541 632 teste
566 567 739 631 Athenaeo
763 565 902 650 Amphis
926 565 961 629 in
984 562 1110 648 Κουρίδι
1137 584 1371 628 commemora-

197 687 293 750 verat
306 682 355 768 (fr.
369 684 422 764 24,
436 682 497 747 Ko.
506 681 534 745 ll
547 682 633 769 243),
647 702 708 745 nec
721 680 886 745 diversam
899 667 1047 765 suspicor
1058 679 1149 744 illam
1162 679 1195 743 in
1208 679 1372 743 Anaxilae

196 796 351 865 Neottide
381 797 577 881 (fr.22,18;
600 819 631 862 v.
648 819 679 882 p.
700 797 773 883 130)
798 797 1020 861 nominatam:
1045 801 1220 879 utramque
1246 816 1373 860 comoe-

197 914 296 991 diam,
321 918 452 999 tempus
477 913 505 977 si
529 916 669 999 spectas,
694 932 761 977 non
784 911 880 994 longe
904 910 997 976 vides
1022 910 1140 976 abesse
1164 912 1206 976 ab
1224 912 1372 977 oratione

196 1029 254 1094 illa
278 1031 393 1096 contra
415 1028 578 1093 Neaeram
602 1049 633 1098 a.
649 1027 717 1092 lere
735 1029 799 1091 343
815 1027 933 1092 habita
958 1026 1008 1110 (cl.
1026 1026 1183 1092 Schaefer
1205 1026 1267 1091 lll¹
1290 1026 1371 1091 Bell.
1409 1017 1411 1020 ’
1487 1090 1489 1101 ,

196 1168 227 1230 p.
248 1145 326 1227 1833
350 1144 446 1210 Blass
463 1145 533 1208 Att.
551 1142 704 1210 Bereds²
728 1143 770 1207 ΙΙΙ
789 1145 817 1226 1,
836 1143 921 1228 536).
968 1142 1040 1228 lpse
1060 1142 1221 1207 Timocles
1244 1143 1279 1207 in
1302 1164 1372 1207 rne-

196 1260 352 1324 retrioum
376 1259 483 1342 choro,
502 1260 559 1344 qui
582 1260 616 1323 in
632 1257 894 1324 Orestautoclide
918 1258 1079 1323 furiarum
1095 1279 1230 1323 munere
1253 1257 1371 1340 iunge-

197 1376 306 1457 batur,
325 1375 493 1461 Phrynarn
518 1375 638 1439 iterum
655 1378 891 1458 commemorat
908 1374 950 1459 (v.
968 1396 1069 1459 supra
1086 1396 1117 1459 p.
1136 1374 1199 1460 34).
1215 1374 1266 1460 ³4⁷)
1307 1372 1372 1438 Sed

128 1471 136 1479 ¹
198 1469 400 1556 Philemonis
430 1491 560 1555 Neaera
587 1489 704 1555 iisdem
741 1489 944 1576 temporibus
980 1490 1163 1575 composita
1197 1510 1270 1554 osse
1305 1511 1369 1554 non

197 1609 318 1692 potest,
343 1627 547 1691 quamquam
570 1605 624 1671 ille
648 1604 781 1670 videtur
810 1610 891 1670 tunc
920 1605 1080 1691 temporis
1104 1605 1250 1690 coepisse
1272 1604 1372 1669 labu-

196 1722 247 1786 las
272 1721 386 1787 dooere
417 1722 469 1808 (oi.
487 1721 635 1803 Wagner
658 1721 744 1786 Diss.
763 1743 793 1807 p.
811 1722 866 1802 283
896 1721 1017 1786 Koertc
1042 1721 1126 1810 Berl.
1152 1720 1229 1806 phil.
1254 1720 1370 1785 Wooh.

200 1839 294 1917 1906,
320 1838 413 1924 902);
438 1836 513 1901 vide
539 1837 626 1902 enim
649 1836 688 1900 ir.
706 1838 748 1899 47
772 1836 833 1901 Ko.

410 1966 508 2054 ὥσπερ
533 1952 682 2045 nasute
705 1967 777 2053 δεῦρ’
806 1968 926 2055 ἔπεμψε
950 1968 1007 2053 τὴν
1031 1969 1134 2053 τίγριν,

409 2081 446 2169 ἣν
470 2085 588 2170 εἴδομεν
611 2079 707 2170 ἡυεῖς,
732 2082 775 2172 τῷ
797 2084 937 2172 Σελεύκῳ
960 2084 1050 2150 πάλιν
1074 2083 1134 2149 ἔδει

319 2230 321 2234 ’
410 2195 495 2284 ἡμᾶς
518 2224 548 2264 τι
572 2199 639 2285 παρ’
666 2194 753 2285 ἡμῶν
778 2198 969 2287 ἀντιπέμψαι
992 2200 1108 2285 ἱδηρίον.

196 2333 282 2398 Nam
313 2334 375 2398 etsi
411 2334 611 2415 ignoramus,
638 2355 712 2418 quo
744 2339 890 2420 ternpore
927 2335 1028 2399 istam
1063 2336 1172 2417 tigrim
1210 2334 1367 2399 Seleucus

196 2449 457 2514 Atheniensibus
494 2449 678 2531 donaverit,
717 2454 831 2515 tamen
866 2451 929 2515 hoc
959 2454 1084 2515 certum
1115 2454 1176 2533 est,
1214 2472 1281 2515 non
1311 2472 1370 2536 po-

196 2565 302 2629 tuisse
330 2565 403 2629 fieri
434 2569 512 2630 ante
537 2564 716 2630 Alexandri
739 2571 888 2648 mortem,
920 2587 981 2631 nec
1011 2587 1088 2631 vero
1109 2570 1195 2651 ¹post
1224 2588 1370 2651 pugnarn

196 2679 240 2744 ad
264 2680 375 2766 lpsum
405 2679 541 2762 iactam,
575 2681 653 2764 quia
682 2680 817 2746 Seleuco
848 2682 933 2762 regis
964 2681 1084 2746 titulus
1116 2681 1171 2746 illo
1203 2681 1273 2747 loco
1304 2704 1370 2748 non

197 2795 401 2860 attribuitur.
412 2796 463 2882 333)
496 2795 590 2878 Ergo,
609 2796 636 2860 si
652 2795 734 2860 illud
752 2795 790 2860 de
808 2796 961 2862 Timoclis
977 2796 1107 2861 Neaera
1123 2796 1210 2881 quod
1232 2799 1370 2863 conieci-

196 2932 271 2975 mus
295 2932 411 2975 verum
434 2915 486 2976 est
509 2915 609 2995 atque
634 2894 666 2975 si
685 2912 770 2976 ratio
795 2911 907 2997 aliqua
930 2912 1118 2978 intercessit
1140 2913 1226 2976 inter
1242 2913 1370 2977 Timoc-

196 3026 284 3091 leam
313 3026 664 3112 Philemonianamque
695 3026 867 3108 Neaeram,
903 3027 990 3092 idern
1025 3027 1064 3101 de
1103 3028 1154 3092 his
1194 3027 1370 3093 comoediis
1444 3048 1472 3061 ’-

102 3217 106 3224 ¹
198 3139 373 3213 dicendum
398 3145 458 3224 est,
484 3141 571 3226 quod
595 3163 695 3228 supra
723 3140 762 3207 de
786 3143 986 3228 Antiphanis
1010 3142 1223 3227 Alexidisque
1246 3142 1369 3207 fabulis

196 3259 308 3322 Antea
331 3258 497 3342 inscriptis
522 3257 665 3322 diximus
682 3257 723 3344 (p.
743 3260 827 3345 127).
859 3259 984 3323 Tamen
1001 3258 1262 3343 haudquaquam
1286 3280 1369 3341 nego

196 3371 340 3437 fortasse
364 3372 446 3436 nihil
470 3372 696 3438 Philemonem
720 3395 741 3437 a
764 3373 907 3439 'Pimoole
930 3373 1083 3459 pendere,
1115 3377 1248 3439 tantum
1277 3396 1368 3453 suae,

196 3507 299 3571 quam
322 3488 482 3570 lingebat,
508 3489 670 3553 meretrici
683 3510 804 3554 nomen
820 3488 908 3554 illius
925 3489 1074 3554 famosae
1091 3489 1237 3554 mulieris
1254 3494 1370 3575 aptum

195 3603 472 3689 existimasse.³⁴⁹)
504 3603 621 3668 Licinii
644 3604 801 3686 lmbricis,
827 3626 912 3690 quae
930 3605 1097 3687 exstabat,
1122 3605 1252 3670 Neaera
1276 3605 1369 3691 (Gell.

197 3774 408 3783 ——-....—.-—-

303 3869 347 3936 ³⁴⁶)
368 3871 444 3922 Duae
464 3869 549 3938 fuere,
569 3871 602 3923 ct.
618 3872 743 3939 Apollod.
765 3871 837 3939 apud
856 3873 956 3923 Athen.
976 3873 1146 3939 xr1159103
1166 3873 1287 3939 Wagner
1300 3874 1368 3925 Diss.

197 3975 221 4023 p.
242 3957 277 4010 ‘ll
295 3959 357 4011 adn.
378 3961 402 4013 ὃ.

303 4046 348 4112 ³¹⁷)
368 4048 512 4100 Comoedia
526 4064 555 4100 eo
569 4054 698 4116 tempore,
718 4066 770 4115 quo
784 4048 875 4102 floruit
888 4049 1003 4117 Neaera,
1022 4052 1123 4117 scripta
1143 4067 1200 4103 esse
1215 4067 1268 4103 non
1283 4058 1369 4116 potest

197 4143 308 4200 propter
327 4135 453 4188 Timoclis
472 4144 596 4189 aetatem.

304 4224 347 4288 ³⁴⁸)
366 4225 406 4276 Ci.
426 4225 455 4277 Ο.
470 4225 563 4277 Keller·
581 4226 660 4278 Tiere
680 4226 727 4279 des
746 4227 825 4279 ldass.
847 4229 944 4280 Altert.
959 4246 984 4294 p.
999 4228 1064 4294 131;
1083 4229 1177 4280 Dietze
1197 4229 1266 4280 Diss.
1286 4246 1311 4295 p.
1326 4230 1368 4280 ll.

304 4312 349 4378 ³⁴³)
369 4316 412 4365 Au
433 4314 466 4365 de
486 4314 620 4367 amoribus
640 4315 762 4367 Neaerae
781 4317 903 4368 Milesiae
923 4318 1162 4382 Promedontisque
1189 4317 1369 4383 cogitandum,

196 4415 262 4467 quos
285 4413 377 4454 narrat
396 4403 522 4455 Parthen.
543 4404 657 4461 XVIII?
677 4403 717 4456 Cf.
738 4403 833 4456 Rohde
853 4405 898 4457 Gr.
919 4405 1009 4463 Rom.²
1027 4423 1053 4472 1».
1067 4407 1130 4458 A3c.
1146 4404 1208 4458 adn.
