3136 5024
700 237 876 289 ,89-

226 448 238 455 -Ᾰ
309 413 431 478 Contra
461 413 684 478 Piccolominii
719 386 925 478 coniecturas
943 408 1023 478 'hoc
1053 412 1228 478 dicendum
1258 436 1376 500 parum

199 529 297 595 nobis
321 533 437 595 notam
462 550 534 594 esse
558 532 593 593 et
615 529 685 594 veri
708 508 856 593 Timonis
884 528 991 594 vitam
1015 529 1152 613 eiusque
1176 528 1376 594 odiivlontes

166 645 253 731 .(of.
283 645 349 733 Leo
381 666 481 730 supra
504 667 534 730 p.
553 645 606 732 86)
638 647 672 709 61
702 645 880 726 rationem,
913 666 980 729 qua
1004 645 1134 730 antiqui
1158 645 1273 709 comici
1299 666 1376 710 eum

198 761 434 848 descripserint
464 763 565 845 atque
597 759 779 842 deriserint,
812 761 900 844 quia,
930 759 1026 825 Plato
1051 760 1195 825 comicus
1225 757 1323 845 quaes
1336 759 1375 825 de

199 900 240 943 eo
264 877 394 943 dixerat
418 876 469 962 (cl.
493 876 564 941 eius
588 875 627 940 fr.
648 876 724 958 218,
749 875 809 941 Ko.
827 876 943 962 1660),
968 874 1069 961 plane¹
1091 875 1261 961 deperdita
1285 880 1374 942 sunt.

199 993 269 1058 Nec
293 995 380 1058 certo
405 992 538 1074 scimus,
563 1012 649 1076 quae
673 1012 725 1056 res
742 991 921 1078 Phrynichi
936 991 1130 1077 Monotropo
1146 993 1376 1057 morositatem

198 1109 292 1174 illam
313 1107 473 1210 intulerit.
514 1107 666 1172 Ceterum
682 1107 763 1171 mihi
778 1128 974 1192 persuasum
999 1111 1051 1172 est
1067 1108 1259 1189 Antonium,
1277 1129 1376 1192 quem
1422 1179 1423 1183 Ἰ

198 1224 449 1290 aemulabat
472 1224 654 1308 Timonem,
679 1245 747 1288 non
763 1244 780 1287 e
798 1222 967 1288 comoedia
987 1222 1100 1307 aliqua
1124 1223 1374 1308 quartisaeeuli

198 1340 370 1422 cognitum
401 1339 570 1421 habuisse,
603 1337 700 1403 sede
725 1338 816 1403 vitae
847 1339 918 1402 eius
947 1326 1232 1423 descriptionibus,
1258 1339 1375 1423 quales

203 1454 350 1520 historici
373 1454 626 1541 componebant.
683 1493 684 1498 κ
754 1506 757 1515 .
898 1538 901 1544 Ι

306 1569 374 1635 Ν66
389 1574 503 1634 tamen
521 1568 759 1634 affirmaverim
776 1569 912 1634 titulum
923 1570 975 1658 229)
999 1570 1133 1635 611666
1146 1569 1374 1655 misanthropo

199 1707 374 1751 commune
405 1685 573 1766 habuisse,
606 1685 706 1749 immo
732 1686 932 1750 contrarium
956 1685 1133 1751 verisimile
1162 1684 1255 1767 duco,
1283 1683 1375 1768 ¹quod

200 1802 270 1867 iam
294 1780 533 1887 Aristophanes
558 1799 631 1886 (Av.
651 1801 747 1886 1640)
772 1801 905 1865 nomine
929 1801 1000 1865 eius
1024 1801 1274 1887 proverbialiter
1293 1822 1374 1865 6565

200 1921 264 1982 est.
311 1916 425 2001 Neque
450 1915 547 1980 aliter
576 1915 802 2001 Antiphanem
833 1915 867 1979 id
897 1937 1076 2002 usurpasse
1112 1917 1260 2001 suspicor
1295 1920 1375 2000 apta

199 2031 389 2097 comoediae
412 2032 543 2096 actione
560 2053 619 2096 suo
639 2031 770 2114 ingenio
788 2032 987 2113 excogitata.
1025 2031 1205 2096 Cohaerere
1222 2030 1373 2096 fabulam

198 2151 235 2211 et
252 2168 326 2212 cum
342 2147 521 2232 Phrynichi
537 2147 723 2236 Μονοτρόπῳ
740 2150 775 2211 61
791 2168 865 2211 cum
881 2147 1099 2232 posteriorum
1112 2146 1210 2211 titulo
1224 2144 1374 2221 Δύσκολος

201 2283 414 2346 nequaquam
437 2284 531 2345 nego.
851 2340 852 2345 γ

212 2463 215 2467 ⁸
304 2378 398 2457 Quod
426 2377 613 2463 exemplum
641 2382 755 2442 autem
784 2378 931 2443 Luciano
963 2377 1134 2442 Timonem
1164 2377 1373 2463 componenti

198 2495 405 2580 propositum
422 2492 532 2574 fuerit,
550 2493 607 2558 isti
619 2494 808 2579 quaestioni
820 2494 882 2559 hoc
894 2493 975 2574 loco,
1001 2493 1058 2558 ubi
1075 2492 1114 2558 de
1131 2492 1374 2579 comoediarum

198 2609 307 2674 titulis
332 2610 450 2692 agitur,
475 2630 537 2673 nec
561 2607 663 2673 debeo
688 2608 884 2694 respondere
908 2630 968 2673 nec
991 2609 1202 2696 possum.²³⁰)

202 2781 415 2790 ———.—-——

307 2864 349 2928 229)
368 2867 480 2920 Praeter
492 2867 706 2932 misanthropum
719 2865 900 2932 septendecim
913 2866 1040 2918 Timores
1053 2881 1095 2932 ap.
1109 2866 1220 2919 Kirchn.
1236 2865 1324 2918 11326
1336 2881 1373 2931 sq.

196 2957 260 3022 485,
279 2955 326 3008 sed
345 2957 502 3022 posterioris
521 2957 618 3007 aetatis
638 2956 755 3022 plurimi.

306 3043 349 3111 ²³⁰)
368 3045 447 3097 Haud
467 3046 521 3097 5616
540 3060 575 3096 66
595 3061 648 3097 666
668 3055 781 3111 propter
799 3044 920 3096 homines
940 3044 1000 3096 illos
1019 3045 1106 3109 quinti
1128 3059 1196 3096 5666.
1216 3059 1232 3095 6
1251 3043 1373 3095 Luciano

190 3142 418 3193 ,commemoratos
437 3136 472 3199 (6.
487 3150 569 3201 6666
588 3152 613 3202 p.
628 3135 672 3199 86)
698 3135 731 3186 cle
751 3135 849 3185 veteris
876 3131 1028 3185 comoediae
1055 3135 1177 3199 exemplo
1203 3132 1373 3198 cogitandum

198 3223 247 3274 sit:
266 3239 318 3275 non
337 3222 431 3276 eodem
451 3230 571 3289 tempore
591 3224 631 3274 illi
650 3238 742 3275 omncs
765 3221 885 3287 fuerunt,
905 3220 1121 3288 quandoquidem
1148 3221 1255 3274 demum
1281 3221 1373 3274 decem

198 3309 257 3363 fere
276 3313 354 3365 annis
374 3319 434 3380 post
453 3313 643 3378 Anaxagoram
663 3312 691 3378 (ξ
712 3311 757 3374 10)
779 3311 895 3363 Athenis
921 3312 1063 3377 expulsum
1090 3310 1263 3378 Hyperbolus
1283 3309 1311 3380 (ξ
1331 3310 1374 3373 30)

197 3400 268 3452 inter
281 3401 350 3453 cives
363 3416 458 3453 nomen
472 3400 571 3453 habere
587 3402 683 3467 coepit.
704 3398 871 3465 Quamquam
882 3400 1072 3465 Aristophanis
1082 3399 1191 3451 Plutum
1201 3414 1373 3465 5666665666,

196 3490 322 3558 qualibus
342 3491 522 3542 terminantur
531 3489 588 3540 Pax
608 3496 634 3540 et
652 3491 733 3554 Aves,
753 3490 792 3540 nil
804 3488 839 3541 ad
853 3488 989 3554 dialogum
1003 3489 1139 3555 pertinere
1156 3504 1234 3540 nemo
1247 3487 1373 3540 affirmet.

198 3579 336 3648 [Inprimis
356 3578 389 3631 ab
409 3579 600 3646 Aristophanis
626 3579 705 3630 Pluto
724 3579 874 3630 Lucianum
900 3577 1019 3644 pendere
1046 3593 1132 3644 nuper
1158 3576 1373 3644 Ledergerberus

196 3667 303 3720 studuit
321 3667 435 3734 probare
454 3667 570 3732 (Lukian
592 3666 645 3719 und
666 3667 708 3719 die
735 3667 889 3719 altattische
915 3666 1062 3718 Komoedie
1090 3666 1170 3735 [Diss.
1191 3666 1281 3718 Freib.
1301 3667 1327 3720 in
1348 3666 1372 3716 cl.

197 3756 284 3808 Schw,
304 3756 384 3824 1906]
403 3773 429 3822 p.
444 3756 477 3807 14
491 3760 565 3822 566),
585 3758 665 3808 etiarn
685 3756 805 3808 Timonis
825 3755 1033 3822 descriptionem
1053 3756 1216 3808 Lucianeam
1229 3755 1373 3807 cohaerere

195 3853 273 3897 ratus
299 3862 358 3898 cum
384 3846 430 3897 illo
455 3847 511 3897 viro
538 3846 608 3897 iusto
636 3845 669 3897 ab
696 3845 880 3911 Aristophane
906 3846 932 3896 in
960 3846 1007 3896 illa
1034 3845 1172 3896 comoedia
1197 3861 1220 3894 6.
1244 3844 1297 3896 823
1316 3860 1372 3909 sqq.

196 3933 337 4000 producto.
376 3933 522 3986 Oblocutus
541 3941 582 3985 est
601 3935 725 4000 Legrand
745 3935 761 3986 l.
784 3936 798 3985 l.
818 3939 850 3999 (v.
871 3934 933 3986 adn.
954 3934 1026 3999 220),
1046 3935 1125 3999 quie
1145 3934 1280 3985 6666661
1294 3930 1370 3983 fonte

196 4023 265 4075 haec
284 4021 417 4075 deducere
438 4023 559 4091 mavult]
596 4023 711 4075 Nomina
726 4022 912 4075 Gnathouides
927 4031 953 4073 et
966 4022 1081 4074 Demeas
1095 4022 1211 4073 mediam
1225 4036 1372 4087 novamque

193 4101 362 4164 comoediam
374 4114 482 4179 sapiunt
501 4113 543 4163 rel
557 4119 616 4178 post
629 4127 688 4164 carn
702 4113 827 4178 imposita
839 4111 978 4164 videntur:
998 4112 1031 4163 de
1046 4110 1219 4163 Gnathonide
1240 4109 1274 4163 cf.
1289 4125 1370 4175 supra

197 4217 223 4267 p.
238 4200 281 4266 52,
295 4200 411 4253 Demeae
426 4203 543 4267 nomine,
558 4199 629 4267 quod
644 4207 753 4267 propter
766 4207 885 4268 etymum
899 4201 1032 4252 Luciacus
1046 4201 1166 4266 sumpsit,
1187 4214 1266 4264 saepe
1280 4200 1374 4250 comici

197 4289 356 4342 utebantur:
371 4288 404 4341 cf.
420 4291 498 4341 Alex.
512 4288 545 4341 fr.
560 4289 647 4355 201,3
662 4289 721 4354 (Kc.
735 4290 837 4354 11371)
859 4288 891 4357 [ἢ
906 4291 1005 4358 Δημέᾳ
1018 4284 1146 4357 Λάχητος
1158 4283 1354 4357 Ἐτεοβουτάδῃ
1367 4309 1372 4342 :

195 4377 289 4430 fictum
310 4394 406 4431 nomen
422 4384 487 4445 puto
507 4395 556 4430 666
575 4378 697 4444 dignum,
717 4379 789 4444 quod
810 4379 836 4430 in
858 4378 1000 4430 Kirchucri
1020 4379 1129 4443 Prosop.
1151 4379 1206 4428 Att.
1227 4379 1374 4443 recipiatur
