3136 5024
695 235 872 288 ...91-

197 412 332 480 551155
351 413 438 500 Lips
473 411 569 502 1835]
601 435 632 498 p.
654 413 726 479 „132
755 414 837 501 sqq.)
884 411 1072 479 Phaedrum
1109 411 1369 499 Myrrhinusium

196 528 379 597 inductum
392 528 497 596 fuisse
514 529 577 594 sibi
593 529 805 616 persuaserit.
834 530 944 612 Atque
961 528 1115 594 audimus
1131 529 1167 594 in
1182 518 1371 612 fragmento

197 644 376 722 admodum
400 645 497 729 longo
514 643 591 732 (245
607 644 668 710 Κο.
685 673 729 702 =
745 645 866 710 Athen.
890 643 966 710 XIII
985 644 1050 710 562
1067 645 1098 730 a)
1123 643 1370 710 adulescentem

197 760 341 846 aliquem
365 760 410 827 de
438 761 560 828 amoris
591 757 724 827 natura
744 764 846 847 atque
877 760 912 825 vi
946 759 1246 846 philosophantem,
1282 759 1372 844 quod

197 898 298 962 quam
333 877 416 943 bene
447 873 596 942 Phaedro
630 876 801 941 Platonico
842 876 1030 958 conveniat,
1072 876 1238 941 neminem
1273 874 1370 959 fugit,

197 990 334 1058 Accedit
366 991 509 1069 alterum
543 991 679 1058 fabulae
713 990 939 1074 fragmentum
972 991 1014 1056 ab
1047 991 1162 1057 eodem
1196 991 1371 1057 Athenaeo

197 1091 368 1174 servatum
399 1105 459 1194 (IV
491 1107 554 1172 165
574 1128 591 1172 5
615 1136 658 1164 =
681 1105 719 1173 fr.
745 1107 811 1171 246
834 1106 922 1194 Κο.);
954 1103 1050 1191 cpoli)
1073 1128 1118 1191 γε,
1141 1100 1254 1192 νήντὸν
1276 1101 1372 1192 ἥλιον,

198 1220 294 1309 σχολῇ
316 1224 426 1307 λέγοις.Ι
457 1222 470 1310 l
483 1219 694 1308 ῚἘπιχαρίδης
716 1217 731 1287 ὃ
755 1216 861 1308 μικρὸς
884 1217 1022 1290 11111νὶ1
1045 1217 1174 1308 ἡμέραις
1204 1226 1372 1309 1·οφαῖραν

197 1340 319 1423 ἐποίησε
342 1333 400 1422 τὴν
423 1335 569 1426 πατρῴαν
592 1337 695 1404 οὐσίαν
718 1342 796 1417 κτλ,
821 1335 908 1421 quod
928 1340 1015 1403 recte
1031 1337 1210 1420 Bergkium
1233 1342 1372 1403 secutus

197 1455 244 1521 sic
267 1453 371 1520 latine
393 1454 496 1521 vertit
518 1453 680 1521 Kockius:
709 1450 822 1536 ,tarde
846 1456 884 1517 tu
908 1451 1041 1537 quidem
1066 1452 1130 1539 (vel
1154 1451 1371 1538 illequidem)

196 1590 265 1635 rem
288 1567 487 1634 familiarem
507 1567 731 1655 dilapidavisti
750 1566 980 1655 (dilapidavit),
1005 1567 1168 1653 siquidem
1184 1567 1371 1655 Epicharidi

197 1683 343 1768 quinque
367 1682 437 1751 dios
468 1665 711 1750 suffecerunt“:
748 1682 935 1749 Phaedrum
966 1687 1080 1750 autem
1110 1683 1370 1771 Myrrhinusium

197 1819 238 1864 ex
263 1797 387 1865 divitiis
411 1798 446 1863 in
468 1798 615 1884 inopiam
638 1796 793 1873 incidisse
810 1795 843 1864 orl
859 1793 911 1864 brol
927 1798 1041 1864 κακίαν
1062 1799 1158 1869 155115
1183 1803 1235 1865 551
1250 1799 1371 1886 Lysias
1416 1792 1419 1797 ’

198 1934 242 1980 or.
259 1913 336 1978 XIX
354 1914 405 1996 15,
430 1913 518 1998 quod
541 1913 682 1996 Bergkio
706 1914 787 1980 mire
811 1935 886 1980 curn
909 1914 964 1979 illo
988 1913 1175 1997 fragmento
1193 1936 1371 1998 congruere

196 2028 383 2096 videbatur.
396 2030 446 2118 ²³³)
478 2029 543 2095 Sed
567 2051 647 2096 casu
664 2029 809 2113 quodam
824 2029 958 2096 insolito
976 2051 1052 2095 eum
1069 2030 1242 2117 deceptum
1259 2029 1371 2096 credo:
1392 2000 1403 2027 r

197 2145 312 2232 prioris
335 2145 514 2229 fragmenti
533 2146 666 2211 initium
683 2146 711 2210 si
728 2144 918 2228 diligentius
935 2145 1098 2231 inspicies,
1123 2144 1370 2211 adulescentem

164 2348 167 2353 p
197 2259 313 2326 audies
350 2260 473 2327 infelici
512 2282 623 2326 amore
662 2264 821 2326 vexatum
857 2297 901 2308 -
930 2260 1081 2347 pecunia,
1121 2282 1189 2345 qua
1226 2261 1371 2326 amicam

197 2374 348 2459 redimat,
373 2397 449 2442 eum
473 2397 584 2442 carere
597 2377 709 2459 fingas
733 2372 961 2463 (1411515155
985 2376 1026 2442 ci.
1050 2376 1148 2442 Mein⁴
1165 2376 1220 2442 11.
1239 2376 1315 2463 383)
1329 2415 1369 2426 -

198 2513 338 2576 eamque
363 2492 405 2558 ob
434 2513 570 2557 causam
602 2496 636 2557 et
659 2493 738 2578 quia
768 2493 884 2557 Piraeo
914 2492 1066 2558 redeunti
1097 2493 1202 2558 otium
1233 2494 1295 2575 est,
1331 2490 1373 2558 de

153 2678 156 2683 ,
198 2608 320 2673 amoris
343 2609 466 2673 natura
490 2607 707 2690 cogitantem3
738 2608 928 2692 ceteroquin
958 2607 1040 2673 nihil
1065 2626 1139 2681 cum
1162 2606 1374 2700 philosophia

198 2723 229 2788 51
252 2704 426 2789 commune
456 2744 530 2789 5555
562 2721 743 2810 (φιλοσοφεῖν
772 2720 891 2808 eritne
920 2724 980 2810 μοι)
1011 2723 1135 2809 opinor.
1182 2723 1369 2804 Praeterea,

198 2842 238 2906 ut
266 2838 415 2920 haberet,
440 2837 527 2905 unde
552 2842 629 2924 apte
654 2837 858 2906 comoediam
885 2838 1046 2904 ordiretur
1076 2859 1207 2922 quoque
1238 2836 1371 2916 adules-

199 2954 304 3020 centis
327 2954 461 3041 primas,
486 2957 525 3019 ut
549 2954 705 3040 suspicor,
730 2957 842 3042 partes
867 2954 998 3037 agentis
1014 2952 1158 3019 indolem
1175 2956 1371 3037 statumque

199 3068 407 3136 auditoribus
432 3069 596 3157 extemplo
622 3068 873 3153 demonstraret,
909 3074 1043 3159 poetam
1073 3069 1134 3135 tali
1164 3067 1261 3136 modo
1295 3090 1372 3133 eum

198 3184 389 3269 loquentem
412 3184 583 3251 induxisse
607 3185 785 3252 verisimile
815 3189 876 3252 est.
923 3184 1068 3267 Accedit,
1100 3184 1189 3269 quod
1218 3184 1253 3250 in
1283 3185 1373 3250 eius·

198 3298 287 3365 modi
310 3299 350 3366 de
374 3322 485 3366 amore
509 3300 783 3366 meditationibus
807 3301 903 3366 multi
931 3304 1027 3366 erant
1056 3301 1230 3387 praecipue
1261 3300 1372 3384 quarti

198 3415 323 3481 saeculi
357 3419 476 3503 poetae
511 3417 635 3498 comici,
673 3416 706 3481 id
741 3416 829 3501 quod
863 3418 937 3503 ipsa
968 3417 1026 3482 illa
1060 3417 1226 3482 Athenaei
1261 3417 1375 3503 capita

199 3530 284 3616 (XIII
301 3532 352 3600 13.
371 3532 433 3619 14),
458 3553 598 3616 quorum
621 3533 715 3598 initio
740 3533 802 3598 hoc
825 3533 967 3598 Phaedri
990 3531 1215 3614 fragmentum
1239 3531 1370 3615 legitur,

200 3646 320 3714 docent
344 3647 566 3734 compluribus
590 3651 624 3712 51
647 3647 795 3713 Alexidis
820 3652 854 3713 et
877 3648 1016 3713 aliorum
1039 3651 1213 3732 poetarum
1238 3647 1370 3733 (Eubuli

198 3763 270 3829 sive
309 3763 469 3844 ArarotiS,
509 3763 689 3848 Theophili,
729 3764 987 3851 Aristophontis,
1026 3762 1211 3848 Amphidisl
1251 3763 1374 3845 eclogis

199 3878 362 3944 similibus
386 3879 507 3944 allatis.
520 3880 570 3966 ²³⁴)
607 3879 650 3943 nt
665 3879 753 3962 quod
769 3879 812 3944 ad
833 3879 974 3944 alterum
990 3878 1225 3973 fragmentum
1238 3881 1372 3959 attinet,

198 3994 332 4081 saepius
356 3998 390 4059 et
412 3995 446 4059 in
470 3995 544 4059 vita
567 3998 601 4059 et
624 3995 658 4058 in
683 4016 805 4059 scaena
829 3995 954 4060 comica
984 3994 1130 4059 accidere
1162 3993 1301 4075 solebat,
1333 3998 1374 4058 ut

306 4196 350 4261 233)
368 4199 513 4266 Bergkium
527 4206 634 4252 secutus
648 4205 687 4250 est
700 4199 733 4251 de
747 4200 927 4253 Wilamowitz
946 4199 1040 4253 Philol.
1060 4199 1221 4251 Untcrsuch.
1235 4198 1317 4250 1221.
1338 4199 1387 4236 -'

197 4285 239 4339 Cf.
254 4287 371 4354 Spengel
385 4287 488 4354 Συναγ.
504 4305 577 4356 τεχν,
591 4305 616 4354 p.
632 4288 691 4353 135,
706 4287 801 4353 quode
815 4290 873 4341 loco
885 4305 927 4340 mc
941 4290 1045 4341 monuit
1058 4288 1230 4339 Hermunnus
1240 4287 1371 4340 Schoeuc.

306 4373 350 4441 234)
370 4376 410 4429 Cf.
430 4377 461 4429 Ε.
476 4375 571 4429 Rhode
592 4377 696 4429 Griech.
717 4375 806 4429 Rom¹
827 4393 851 4443 p.
870 4378 905 4430 56
924 4377 987 4429 adn.
1007 4378 1032 4430 3.
