3136 5024
697 225 875 281 ..37.-

197 402 256 468 illa
278 395 539 486 narratiuncula,
564 423 632 489 qua
655 423 755 485 egens
779 400 915 487 quidam
937 402 1116 469 homuncio
1138 403 1296 470 thesauro
1320 425 1372 470 re·

200 521 291 604 parto
315 521 450 604 repente
478 517 571 587 dives
595 517 706 585 factus
730 519 939 584 narrabatur.
951 518 1002 605 223)

305 633 387 699 Ecce
411 634 591 720 peritorum
608 633 810 700 sententiae!
835 624 1022 713 Quamnam
1034 637 1237 718 sequamur?
1261 636 1373 719 Atque

199 750 340 836 primum
359 763 546 833 numquam
567 749 802 815 obliviscamur
824 770 959 815 necesse
983 751 1036 816 est
1054 750 1223 816 unicum
1246 750 1372 834 illud,

202 864 304 950 quod
321 886 338 930 e
358 863 544 930 dramate
561 864 833 951 Antiphaneo
858 869 1064 951 superest,
1089 864 1372 948 fragmentum

199 979 308 1045 nulli
331 979 422 1046 loco
447 979 613 1062 dialogi
637 979 948 1068 convenirefflp
972 980 1123 1046 servolus
1147 980 1226 1047 dicit
1243 981 1375 1067 copiose

200 1093 244 1159 ad
255 1095 392 1180 nuptias
408 1095 443 1160 in
458 1094 529 1161 iore
547 1116 582 1160 se
599 1095 758 1161 coemisse
775 1098 809 1161 et
825 1094 875 1161 dis
892 1098 926 1161 et
941 1095 1142 1178 hominibus,
1168 1095 1372 1179 indignatus,

198 1208 287 1294 quod
309 1209 356 1275 nil
379 1231 504 1276 avarus
527 1210 804 1277 salsamentarius
828 1210 932 1292 gratis
955 1209 1128 1277 addiderit.
1173 1211 1372 1298 Nuptiarum

198 1324 465 1411 appetendarum
488 1325 523 1391 in
554 1325 684 1409 dialogo
719 1325 858 1391 Luciani
888 1347 949 1392 uec
982 1327 1107 1394 mentio
1131 1327 1174 1394 fit
1196 1348 1257 1392 nec
1280 1327 1374 1394 locus

199 1444 252 1505 est
285 1441 319 1505 in
350 1462 477 1507 conexu
508 1463 617 1506 rerum
658 1441 816 1524 Timonis,
853 1441 985 1527 qualem
1015 1463 1076 1508 nos
1106 1442 1272 1524 novimus,
1308 1443 1374 1509 nisi

199 1558 278 1622 ante
313 1559 544 1643 paupertatem
569 1559 603 1622 ct
633 1557 909 1644 misanthropiam
938 1557 1038 1637 illius,
1069 1561 1108 1623 ut
1142 1557 1374 1644 depingeretur

199 1691 287 1736 uuus
317 1692 359 1736 ex
385 1670 450 1737 illis
483 1671 579 1738 iestis
615 1671 742 1754 diebus,
779 1694 862 1757 quos
898 1673 1103 1739 celebrantes
1138 1673 1236 1738 amici
1271 1677 1373 1758 atque
1452 1674 1457 1681 ’

198 1787 337 1873 parasiti
360 1787 532 1860 Timonem
556 1787 852 1876 compilabant.²‘·’⁶)
885 1767 1108 1875 'Antiphanes
1131 1789 1232 1872 igitur
1254 1789 1372 1873 vitam

201 1922 303 1988 quam
326 1901 417 1985 degit
432 1903 548 1969 Timon
565 1906 747 1988 antequam
763 1925 888 1990 pauper
903 1904 1015 1970 factus
1031 1908 1092 1987 est,
1117 1905 1156 1992 in
1169 1904 1372 1971 comoediam

196 2038 293 2084 suam
317 2016 491 2083 inclusisse
506 2017 677 2104 putandus
693 2024 792 2102 esset,
817 2018 985 2085 Lucianus
1002 2019 1054 2085 bis
1070 2019 1225 2084 omnibus
1241 2020 1374 2086 omissis

308 2222 353 2292 ²2³)
371 2224 433 2276 Non
452 2225 517 2276 satis
536 2224 674 2291 intellego,
694 2223 758 2290 quid
777 2224 841 2276 velit
859 2223 980 2277 Kockiue
1000 2225 1016 2278 l.
1031 2226 1047 2276 l.
1068 2223 1114 2292 (cf.
1134 2224 1197 2277 adn.
1217 2224 1286 2291 218).
1322 2223 1373 2289 Qui

200 2319 342 2381 postquem
362 2315 464 2380 statuit,
484 2327 537 2379 qua
555 2314 659 2366 rationo
673 2314 795 2379 singulae
808 2318 899 2383 partes
913 2312 1012 2380 dialogi
1024 2313 1153 2366 Lucianei
1167 2330 1195 2366 se
1208 2314 1374 2381 exciperent,

200 2401 312 2455 mirifice
344 2401 508 2455 comoediam
539 2417 633 2468 sapere
665 2417 752 2468 neque
780 2400 891 2455 difficile
919 2400 1043 2456 futurum
1069 2401 1152 2455 fuisse
1181 2402 1316 2455 veteribus
1347 2403 1374 2456 in

199 2492 300 2545 comica
319 2506 417 2544 scaena
437 2489 573 2557 dialogum
592 2492 713 2558 actitare,
733 2492 770 2545 sic
782 2491 884 2558 pergit:
907 2491 1012 2559 ,Wenn
1026 2491 1127 2546 sonuch
1140 2491 1184 2544 die
1197 2490 1375 2558 Mdglichkeit

200 2580 248 2634 der
266 2567 457 2647 llbertragung
476 2579 522 2633 des
541 2596 643 2647 ganzen
663 2581 768 2633 lnhalts
787 2596 835 2633 aus
855 2582 930 2634 einer
948 2580 1089 2648 Komddie,
1114 2583 1153 2634 sel
1171 2597 1200 2634 es
1219 2597 1274 2633 nun
1298 2582 1374 2636 Anti-

200 2671 302 2736 phanes
321 2669 415 2722 Timon
435 2668 501 2722 oder
520 2670 580 2722 eine
599 2669 708 2736 andere,
728 2671 881 2736 zugegeben
901 2668 1007 2722 werden
1027 2669 1115 2723 kann:
1134 2669 1187 2722 dall
1201 2671 1238 2723 sie
1252 2670 1376 2722 wirlrlich

200 2758 349 2825 geschehen
363 2759 410 2825 sei,
429 2759 473 2811 ist
492 2758 584 2810 nicht
603 2774 664 2809 nur
683 2759 777 2811 nicht
795 2775 833 2810 zu
852 2757 1029 2826 beweisen,
1048 2759 1191 2812 sendern
1212 2760 1244 2810 in
1258 2758 1374 2812 hohern

197 2847 304 2900 Grada
331 2846 667 2910 unwahrscheinlich.
705 2847 764 2900 Bau
790 2847 844 2900 und
864 2847 1030 2913 Gliederuog
1049 2848 1129 2900 seben
1149 2847 1284 2900 durchaus
1303 2849 1375 2901 uach

198 2936 247 2990 der
264 2935 418 3003 Erfindung
437 2938 510 2997 eines
529 2936 671 2989 Komikers
691 2953 753 3004 aus3
781 2934 830 2989 der
854 2937 946 2990 luhalt
970 2936 1065 3003 gehdrt
1091 2938 1161 2990 ohne
1180 2935 1291 2990 Zweilel
1314 2953 1375 2991 zum

198 3024 299 3092 grosseu
318 3025 393 3078 Teile
412 3025 524 3080 Lucian.
561 3026 811 3078 Denn---—
830 3042 858 3078 so
877 3025 1055 3079 kdmmcrlich
1075 3028 1109 3078 ist
1128 3042 1155 3079 es
1175 3042 1220 3077 um
1234 3024 1277 3078 die
1290 3025 1376 3092 Origi-

200 3115 298 3168 nalit'at
315 3115 520 3167 Lucians--
532 3115 606 3166 nicht
625 3115 741 3182 benedt,
762 3113 815 3168 dass
835 3131 896 3168 man
915 3116 1031 3181 glauben
1051 3114 1162 3181 konnte,
1183 3131 1212 3167 er
1230 3114 1299 3167 habe
1314 3116 1373 3167 eine

200 3219 285 3271 ganne
304 3204 435 3257 Komddie
455 3203 561 3257 eiufach
581 3204 607 3255 in
635 3204 719 3256 Proea
744 3204 890 3256 iibersetzt.
928 3204 1006 3256 Auch
1034 3201 1094 3256 sind
1121 3203 1163 3257 die
1189 3203 1294 3270 Spnren
1321 3220 1373 3257 von

200 3293 417 3350 iiberarbeiteten
431 3293 534 3346 Versen
554 3292 623 3346 docb
638 3309 689 3344 nur
707 3293 754 3345 hin
775 3293 829 3346 und
842 3293 942 3346 wieder
961 3294 1170 3346 nachweiebar.“
1195 3293 1248 3346 Sed
1262 3308 1375 3359 sequun-

198 3391 243 3435 tur
261 3381 334 3435 haud
353 3383 432 3450 pauci
451 3383 567 3434 trimetri
588 3382 704 3449 iambici,
730 3398 796 3448 quos
817 3398 830 3435 e
850 3383 962 3435 Luciani
989 3385 1113 3436 oratione
1138 3381 1257 3450 pedestri
1284 3388 1373 3435 trans·

199 3473 305 3540 scripsit
322 3472 363 3524 vir
382 3469 482 3524 doctus.
521 3474 558 3522 At
576 3471 624 3524 hos
653 3487 745 3524 versus
769 3473 791 3523 ai
814 3479 887 3524 recte
914 3471 1018 3524 detexit
1043 3471 1164 3524 Kockius
1190 3469 1234 3538 (ct.
1255 3469 1374 3523 eiusdem

199 3561 278 3615 CAF
302 3561 341 3613 lII
365 3560 417 3614 652
443 3569 521 3627 sqql,
550 3576 603 3613 non
630 3560 738 3612 videtur
771 3562 895 3628 ,minime
928 3561 1087 3613 verisimile“
1119 3561 1267 3612 Lucianmn
1295 3574 1374 3626 prosa

199 3651 322 3704 oratione
341 3648 505 3703 comoediam
525 3651 643 3716 aliquam
656 3651 829 3717 expressisse.
857 3650 914 3702 Hoc
929 3651 951 3702 si
964 3665 1019 3704 non
1034 3657 1074 3702 est
1087 3649 1239 3716 verisimile,
1259 3648 1376 3701 domitur

199 3739 320 3791 versibus
339 3739 392 3791 illie
411 3737 487 3790 fides.

306 3824 352 3892 ²²⁴)
370 3827 478 3881 Monuit
496 3828 631 3880 Hirzelius
651 3829 667 3879 l.
683 3829 699 3880 l.
720 3845 745 3894 p.
759 3828 819 3882 298.
856 3828 956 3880 Parnm
976 3827 1044 3879 dixit
1063 3828 1185 3880 Helmius
1202 3828 1273 3880 hisce
1287 3827 1375 3878 verbis

201 3918 229 3983 (l.
244 3917 300 3984 lp.
315 3916 392 3982 189):
414 3916 618 3983 „Andererseits
637 3924 697 3983 sagt
716 3933 766 3970 uns
791 3917 839 3970 das
866 3918 969 3983 einzige
996 3916 1152 3983 Fragment,
1179 3915 1227 3969 das
1254 3932 1301 3968 aus
1328 3914 1375 3968 des

200 4005 379 4072 Antiphanes'
397 4004 528 4058 Kombdic
549 4004 661 4072 ,Timon‘
681 4006 839 4059 bberlietert
859 4008 902 4073 ist,
923 4006 1011 4059 nichts
1024 4005 1073 4064 fiir¹
1083 4005 1125 4058 die
1139 4005 1315 4071 Beurteilung
1327 4003 1376 4056 der

199 4093 395 4147 Lucianiachen
415 4094 528 4147 Satirc.“

307 4181 350 4250 ²⁹⁸)
369 4182 537 4250 Quamquam
556 4184 628 4253 apud
641 4186 791 4238 barianum
805 4200 936 4252 nrrsquam
950 4186 1127 4254 comperimus
1141 4183 1280 4236 Timonem
1294 4189 1375 4235 antea
1422 4171 1429 4186 ’

200 4287 311 4324 uxorem
342 4272 457 4326 duxisse.
507 4273 655 4341 Phrynichi
686 4271 865 4343 Μονότροηος
896 4273 1038 4341 profitetur
1062 4272 1095 4326 fr.
1124 4274 1158 4326 18
1186 4272 1378 4339 (t(0.1375):

201 4360 242 4426 ζῶ
261 4359 298 4413 δὲ
322 4363 476 4431 Τίμωνος
493 4365 580 4430 βίον,
601 4361 732 4432 ἄγαμον
751 4371 814 4431 etc,
834 4362 867 4417 cf.
888 4362 1008 4416 eiusdem
1027 4361 1137 4415 fabulae
1156 4360 1190 4414 fr.
1207 4362 1247 4414 19.
