3136 5024
707 249 883 301 *23-

208 425 485 506 commemoratio,
518 424 574 508 qui
605 424 668 488 etsi
698 425 765 488 iam
796 446 817 488 a
848 424 980 488 Cratino
1012 422 1170 508 Eupolide
1203 423 1246 509 (in
1272 422 1379 511 Adur.)

207 520 428 625 Aristophane
461 538 506 625 (in
537 539 647 627 Vesp.)
678 538 828 604 illuditur
859 538 910 625 (ci.
940 538 1016 603 adn.
1043 539 1106 625 37),
1142 542 1257 603 tamen
1293 539 1381 624 apud

206 655 414 738 Metagenem
439 676 569 740 quoque
592 656 627 718 in
651 655 810 738 Φιλοῗύτῃ
835 655 984 735 occurrit,
1007 676 1106 740 quam
1130 653 1283 719 fabulam
1307 676 1381 719 cum

206 770 245 834 fr.
265 771 305 835 13
330 770 432 854 (Kol
458 772 531 857 708)
556 771 658 841 etiam
686 765 738 852 ,τὸ
758 772 890 835 Καλλίου
913 769 1023 836 senoil
1052 770 1174 834 civium
1200 771 1381 855 ascriptum

207 907 279 950 esse
304 889 462 970 queratur
485 886 635 970 quisquis
660 885 814 970 loquitur⁷
832 907 893 950 nec
908 886 1015 971 ipsam
1032 887 1111 950 ante
1134 886 1236 949 finem
1257 885 1382 950 saeculi

205 1001 293 1064 Vin
319 1022 475 1066 scaenam
507 1002 718 1065 commissam
750 1022 822 1066 esse
851 1000 949 1065 facile
974 1001 1037 1065 sibi
1060 1000 1282 1086 persuadebit,
1308 1001 1380 1086 qui-

206 1138 335 1201 cunque
360 1115 409 1181 dev
423 1116 478 1180 illo
503 1116 605 1181 notho
630 1138 715 1202 quae
736 1116 837 1181 affert
852 1115 1008 1181 Andocl
1033 1117 1097 1179 124
1121 1138 1191 1200 sqq.
1208 1116 1382 1201 perlegerit

206 1232 259 1315 (cf.
280 1231 413 1296 Kirchn.
431 1231 458 1295 ll
484 1233 547 1319 86).

533 1512 736 1583 Stl'attldls
765 1513 1058 1598 Καλλιππίδης.

312 1691 450 1757 Saeculo
476 1693 591 1776 quinto
622 1692 784 1778 probabili
815 1694 943 1759 ratione
974 1693 1113 1758 attribui
1140 1697 1253 1779 potest
1276 1694 1378 1758 etiam

205 1806 401 1892 Callippidas
426 1806 597 1873 Strattidis
623 1808 729 1892 (Mein.
748 1809 779 1873 h.
798 1830 840 1873 cr.
859 1810 938 1890 2:263
967 1808 1028 1873 Ko.
1050 1809 1064 1872 Ι
1090 1810 1153 1873 714
1177 1810 1254 1894 sq.);
1279 1830 1379 1892 quam
1466 1833 1467 1839 ¹

207 1923 295 1986 enim
311 1922 496 1987 Meinekius
512 1923 650 2008 protulit
667 1924 899 2007 coniecturam,
916 1923 1068 1988 fabulam
1084 1925 1219 1988 titulum
1244 1923 1378 1988 duxisse

208 2038 251 2101 ab
276 2037 436 2103 histrione
459 2039 584 2121 tragico
615 2039 714 2103 huius
739 2040 881 2104 nominis
910 2039 1128 2122 celeberrimo,
1157 2043 1281 2103 rectam
1306 2060 1379 2104 esse

206 2153 336 2239 opinor;
360 2175 481 2218 nomen
498 2154 824 2248 Athenisprarumstss)
849 2155 1118 2240 tragoedumque,
1144 2176 1210 2240 qua
1234 2158 1306 2218 erat
1327 2157 1378 2228 sui

202 2268 308 2354 ipsius
333 2270 566 2335 aestimatione
591 2270 642 2356 (cf.
659 2271 742 2334 Xen.
768 2271 868 2336 Gonu.
894 2272 985 2352 3,11;
1016 2270 1103 2336 Plut.
1128 2268 1250 2352 Agesil.
1269 2271 1310 2334 21
1336 2300 1380 2325 :2

202 2383 315 2449 Moral.
341 2386 406 2448 212
436 2385 492 2472 F),
524 2385 664 2450 ludibrio
695 2386 799 2450 fuisse
831 2387 963 2451 comicis
994 2386 1100 2472 poetis
1135 2385 1232 2451 facile
1267 2385 1378 2470 potest

203 2497 300 2582 credi,
325 2501 518 2585 praesertim
536 2522 610 2565 cum
627 2502 729 2566 etiam
745 2505 851 2566 artem
868 2503 939 2566 eius
955 2502 1225 2587 reprehensiones
1241 2522 1376 2587 passam

202 2637 274 2680 esse
299 2617 468 2698 cognitum
484 2617 669 2681 habeamus
687 2638 728 2681 ex
743 2619 880 2683 Aristot.
899 2618 989 2683 Poet.
1007 2621 1060 2700 26,
1077 2641 1107 2703 p.
1127 2619 1212 2683 1462
1237 2640 1257 2682 a
1273 2620 1293 2681 9
1310 2608 1378 2681 εἶτα

201 2728 268 2794 οὐδὲ
297 2730 413 2816 κίνησις
442 2726 549 2797 ἅπασα
583 2729 841 2816 &autumpnatem
876 2733 956 2806 εἴπερ
992 2732 1059 2817 μηδ’
1093 2729 1224 2817 ὄρχησις,
1258 2730 1317 2796 ἀλλ’
1351 2747 1378 2815 rr
1486 2737 1490 2744 ’

201 2846 331 2929 φαύλων,
355 2843 446 2931 ὅπερ
476 2846 543 2911 καὶ
566 2848 825 2931 Καλλιππίδῃ
857 2848 1080 2932 ἐπετιμάτο
1110 2847 1163 2912 καὶ
1190 2847 1239 2912 νῦν
1264 2845 1373 2926 ἄλλοις,

201 2955 242 3049 (ὃς
266 2960 321 3026 οὐκ
344 2964 504 3047 cleonem„
527 2971 673 3045 γυναῖκας
697 2967 895 3048 μιμουμένων.
936 2965 1156 3042 Quamobrem
1179 2965 1374 3049 Mynniscus

205 3076 330 3158 collega
353 3076 491 3162 πίὶῖηκον
516 3100 591 3142 eum
622 3078 807 3164 appellasse
838 3078 943 3143 fertur
974 3078 1027 3164 (id.
1045 3079 1088 3144 ib.
1106 3102 1136 3165 p.
1157 3081 1239 3144 1461
1266 3081 1286 3144 b
1312 3080 1376 3166 36).

203 3192 379 3257 Praeterea
404 3192 443 3257 cf.
462 3192 519 3279 Ep.
538 3193 663 3260 Socrat.
683 3196 733 3274 14,
752 3195 782 3276 3,
808 3195 865 3258 ubi
880 3195 1000 3259 Melete
1018 3187 1187 3260 Socratem
1204 3197 1377 3260 accusanti

203 3308 283 3372 socii
299 3309 402 3372 verba
419 3309 598 3374 subiecisse
616 3309 769 3374 dicuntur
790 3309 923 3392 ,καῗέτι
947 3308 1000 3374 καὶ
1022 3310 1218 3394 Καλλιππίδῃ
1245 3308 1288 3397 τῷ
1304 3304 1377 3376 ὑπο-

202 3420 312 3507 κριτῄ“
341 3422 401 3507 (ed.
418 3423 537 3489 Herch.
555 3446 585 3511 p.
605 3425 689 3512 620).

308 3541 399 3617 Quae
423 3538 548 3604 tradita
572 3544 651 3605 sunt
682 3540 721 3604 de
750 3541 812 3606 hoc
842 3541 1011 3624 histrione,
1037 3541 1168 3625 collegit
1191 3542 1374 3607 Voelkerus

199 3653 246 3718 De
272 3651 471 3719 Graecorum
494 3655 686 3720 fabularum
717 3658 894 3738 0010111100,
929 3657 1188 3723 Dissertationes
1218 3658 1370 3743 philolog.

198 3767 363 3834 Halenses
380 3770 425 3834 lV
448 3771 556 3857 (1880)
581 3794 611 3856 p.
632 3773 692 3836 177
719 3794 800 3857 sopp,
826 3773 879 3858 qui
899 3774 1018 3859 etipse
1034 3774 1177 3838 Meineki
1195 3772 1233 3838 de
1257 3773 1374 3839 fabula

199 3882 382 3949 Strattidea
399 3887 620 3951 coniecturam
638 3888 758 3972 probat
774 3891 885 3972 atque,
903 3886 935 3951 id
956 3888 1043 3972 quod
1060 3911 1175 3953 verum
1192 3910 1265 3954 esse
1282 3887 1372 3953 haud

197 4000 397 4081 negaverim,
423 4002 706 4067 narratiunculam
731 4003 831 4086 illam,
850 4025 916 4089 qua
932 4003 1084 4092 Sophocli
1108 4004 1287 4068 immatura
1304 4026 1372 4069 uva

300 4335 336 4403 ³⁸)
356 4339 478 4404 Quinque
499 4340 621 4406 exempla
641 4339 713 4406 apud
733 4341 844 4395 Kirclm.
867 4342 955 4394 1:335.
