3136 5024
698 259 890 312 -132—

208 443 327 503 ornata
362 442 480 522 quarto
516 438 647 503 sacculo
681 416 787 503 medio
823 437 1002 503 admodum
1029 437 1149 503 nobilis
1177 442 1249 503 erat
1277 444 1380 523 atque

207 553 353 636 famosa3
378 555 653 619 commemoratur
670 554 718 618 'ab
733 553 887 618 Anaxila
911 554 1033 619 comico
1057 553 1095 620 fr.
1114 555 1166 635 22,
1193 556 1234 618 15
1258 555 1330 640 (Ko.
1351 555 1380 620 II

208 671 283 751 nm,
308 670 341 733 in
365 667 530 751 Neottide,
556 667 595 733 de
619 673 765 754 tempore
789 691 820 734 v.
845 691 875 754 p.
903 669 986 755 130),
1012 668 1055 733 ab
1079 668 1243 755 Amphide
1267 671 1308 738 ir.
1336 672 1380 733 23

208 786 248 866 (ΙΙ
272 763 346 866 2213,
371 807 440 850 una
463 807 543 850 cum
561 784 685 870 Sinopa
709 783 759 873 [cf.
785 808 815 871 p.
840 783 893 873 35]
925 789 959 851 et
981 785 1081 871 Lyca,
1107 806 1193 869 quae
1217 787 1320 868 etiam
1343 788 1380 852 in

207 900 359 967 Timoclis
384 899 645 966 Orestautoclide
670 901 882 988 nominatur),
907 923 928 965 a
945 901 1087 966 Timocie
1111 901 1149 967 fr.
1167 903 1210 966 25
1238 902 1377 989 (11462,

206 1018 240 1082 in
271 1017 542 1099 Orestautoclide,
567 1041 598 1083 v.
624 1041 654 1104 p.
680 1020 743 1103 34),
775 1019 817 1083 ab
842 1017 979 1083 Alexide
1011 1018 1050 1084 fr.
1076 1019 1141 1082 223
1173 1018 1212 1103 (II
1235 1019 1311 1095 379,
1343 1020 1378 1082 in

206 1137 414 1223 Tarentinis),
431 1135 473 1199 ab
490 1133 655 1220 Hyperide
678 1135 712 1198 in
730 1135 878 1198 oratione
896 1133 980 1205 κατὰ
1000 1135 1211 1218 Πατροκλέους
1242 1133 1377 1220 (Athen.

205 1253 279 1316 XIII
301 1253 366 1318 587
384 1273 413 1332 a,
443 1250 598 1337 Harpocr.
633 1272 669 1315 e..
685 1271 715 1315 ν.
739 1247 868 1315 Νάννιον
892 1279 935 1306 z
958 1249 996 1315 fr.
1024 1251 1083 1314 141
1111 1250 1254 1336 Blass³):
1287 1250 1378 1336 apud

206 1370 266 1432 hos
290 1387 404 1432 omnes
428 1387 530 1430 unam
555 1365 759 1449 eandemque
783 1366 986 1430 meretricem
1004 1364 1125 1431 dictam
1142 1386 1215 1431 esse
1236 1388 1378 1431 consen-

205 1488 342 1549 taneum
366 1485 427 1550 est.
462 1480 526 1546 Sed
550 1480 634 1545 duas
658 1481 791 1544 Nannia
814 1480 918 1545 fuisse
935 1481 1247 1566 An-tiphanesssmon
1265 1485 1377 1567 poeta,

206 1598 262 1662 sed
279 1604 395 1662 auctor
412 1595 451 1660 de
466 1597 704 1679 meretrIcibus)
722 1595 824 1661 tradit
840 1595 928 1681 apud
943 1597 1151 1661 Athenaeum
1169 1596 1242 1660 XIII
1256 1598 1320 1660 587
1342 1598 1377 1662 b:

204 1711 390 1798 Προσκηνιον
405 1713 582 1777 ἐπεκαλεῖτο
598 1709 618 1795 ἡ
635 1707 773 1790 Νάννιον,
789 1708 836 1776 ’ότι
852 1711 1008 1796 πρόσωπόν
1032 1737 1065 1776 τε
1076 1758 1079 1764 ›
1090 1710 1210 1778 docetor
1234 1706 1297 1796 εἶχε
1322 1711 1378 1776 καί

203 1826 312 1913 ε’χρήτο
335 1827 464 1912 χρυσίοις
487 1827 541 1892 καί
565 1826 696 1912 ἱματίοις
720 1830 904 1906 πολυτελέσι,
928 1825 1040 1892 ἐκδῦσα
1063 1826 1097 1892 δὲ
1117 1817 1155 1910 ἦν
1172 1826 1376 1915 αἰσχροτάτη.

202 1934 246 2028 ἦν
276 1943 322 2009 δὲ.
348 1942 531 2028 Κορώνης
565 1940 636 2026 τῆς
670 1942 841 2008 Ναννίου
876 1943 1071 2028 τνγάτηρ,
1107 1937 1141 2008 τὸ
1176 1941 1234 2028 τῆς
1268 1943 1379 2028 ’τηῗης

203 2057 393 2145 ἀναφέρουσα
425 2059 460 2122 ἐκ
482 2058 669 2143 τριπορνείας
691 2054 798 2142 ὄνομα,
830 2063 864 2122 et
897 2058 1026 2123 duobus
1050 2058 1222 2124 Menandri
1254 2065 1377 2145 poetae

202 2175 281 2240 locis
305 2176 474 2250 Nannium
498 2173 662 2260 quaedam
687 2177 975 2238 commemoratur:
1011 2176 1045 2237 in
1069 2174 1310 2247 Pseudheracle
1336 2176 1376 2243 Ir.

202 2291 360 2383 ummo.
386 2290 429 2355 III
455 2288 532 2354 150ss
557 2273 616 2354 οὐκ
633 2278 738 2373 ἐπείρα
761 2282 906 2372 Νάννιον,
931 2329 973 2336 —-
1002 2311 1088 2374 quae
1112 2291 1215 2355 verba
1238 2312 1377 2376 praece-

204 2406 288 2470 dunt
318 2405 406 2491 apud
437 2405 661 2477 Athenaeum
678 2404 759 2468 illud
790 2397 990 2490 Antiphanis
1012 2397 1244 2487 ¹fragmentum
1275 2395 1376 2472 modo

201 2522 411 2606 exscriptum)
438 2521 528 2585 etin
552 2519 732 2585 Adulatore
756 2519 794 2586 fr.
821 2521 886 2587 235
911 2520 981 2606 (Ko.
1007 2520 1048 2584 III
1074 2522 1126 2607 84)
1151 2521 1254 2586 hisce:

405 2643 540 2729 Χρυσίδα
564 2645 705 2728 Κορώνην
724 2641 910 2730 Ἀντικύραν
930 2643 1058 2736 Ἰσχάδα

405 2758 457 2825 καί
481 2759 705 2845 Ναννάριον
728 2758 862 2845 ἔσχηκας
885 2754 997 2844 ὦραίοιν
1020 2759 1198 2848 σφόδρα,343)
1230 2800 1268 2811 -

201 2859 491 2979 undeWagnerus
507 2886 594 2956 Dice.
611 2908 641 2970 p.
660 2887 702 2955 24
719 2884 794 2951 adn.
813 2887 833 2950 3,
857 2885 1018 2951 conclusit
1041 2884 1130 2970 apud
1152 2884 1375 2952 Menandrum

198 3005 341 3092 neptem,
362 3000 455 3087 apud
472 3000 639 3093 Eubulum
652 2998 847 3086 Amphidem
873 3004 1063 3086 ceterosque
1088 3000 1216 3067 mediae
1240 3023 1374 3091 comoe-

200 3092 420 3208 diae'poetas
443 3092 613 3211 Nannium
644 3117 755 3181 aviam
786 3115 1043 3210 intellegendam
1074 3138 1156 3182 esse.
1204 3116 1270 3182 Sed
1294 3118 1375 3184 huic

199 3206 405 3325 coniecturae
441 3230 649 3296 obiciendum
687 3235 739 3296 est
756 3228 917 3322 primum,
949 3220 1044 3314 ¹quod
1074 3232 1284 3318 Antiphanes
1316 3232 1374 3299 ille

198 3347 368 3440 Nunnium
390 3324 503 3440 aviam
527 3347 633 3412 obiter
656 3349 789 3411 tantum
807 3347 923 3429 tangit
945 3350 1077 3432 propter
1100 3351 1252 3434 neptem:
1287 3348 1374 3437 haec

197 3462 263 3526 fuit
286 3462 402 3555 muh‘er
425 3461 556 3527 famosa
580 3467 722 3545 atquae
746 3463 780 3526 in
804 3463 1005 3547 Antiphanis
1030 3463 1275 3528 commentariis
1300 3486 1376 3556 me3¹

197 3552 380 3641 moraretur
415 3577 524 3659 digna,
561 3555 674 3661 Itadue
710 3599 784 3641 eam
818 3598 885 3642 non
917 3577 1081 3643 diversam
1105 3579 1294 3664 putaverim
1326 3581 1372 3646 ab

197 3692 327 3757 Nannio
352 3692 409 3756 illa
432 3669 468 3755 in
490 3673 599 3756 media
623 3692 791 3757 comoedia
815 3697 885 3757 tam
906 3714 1003 3778 saepe
1028 3694 1195 3774 illusam)
1241 3694 1372 3761 Deinde

202 3964 205 3970 '
259 3968 261 3973 “
303 3944 346 4024 ⁵⁴³³)
366 3963 488 4011 Annotut
507 3943 592 4012 Καί.
616 3961 630 4011 l.
657 3960 779 4025 „videtur
806 3964 932 4012 meretrix
960 3963 1073 4013 amatori
1100 3949 1244 4028 'perfidiam
1274 3979 1373 4030 expro-

196 4046 315 4099 braret*
337 4048 397 4099 N'on
419 4049 497 4099 credo
516 4050 626 4115 propter
645 4034 711 4100 iilud
733 4049 836 4118 ὡραίαν
856 4032 970 4117 σφόδρα,
992 4050 1082 4101 Verba
1102 4059 1164 4102 sunt
1183 4057 1256 4102 outa
1270 4051 1372 4104 lenone

195 4137 272 4187 militi
292 4136 364 4189 dictu
384 4138 449 4197 (Leo
470 4138 555 4189 Goett.
578 4137 677 4190 Nachr.
706 4139 781 4203 1903,
811 4155 835 4204 p.
857 4139 917 4201 687)
937 4145 1013 4190 nuta
1033 4139 1149 4204 parasito
1178 4140 1224 4199 (sic
1251 4137 1371 4193 fortasse

195 4227 293 4276 rectius
312 4226 411 4277 Koerte
432 4228 502 4278 Beri.
522 4227 586 4293 phil.
608 4227 703 4279 Woch.
725 4228 801 4291 leur,
821 4245 845 4293 p.
866 4229 938 4294 mr).
978 4253 979 4256 ¹

303 4313 347 4380 ³⁴⁴)
367 4296 448 4367 Dives
468 4309 521 4366 fuit
539 4325 567 4366 ut
582 4315 680 4382 Sinope
695 4323 721 4367 et
734 4317 806 4383 Lyca
827 4316 952 4382 (Amphis
967 4319 981 4368 I.
997 4319 1025 4380 λ)
1045 4325 1071 4368 et
1084 4316 1200 4385 Phryne,
1219 4315 1252 4369 cI.
1267 4318 1370 4384 Amph.

194 4401 227 4453 fr.
248 4404 280 4454 24
301 4403 360 4469 (Κο.
382 4406 406 4455 II
427 4406 489 4470 ⁶243)
509 4412 535 4455 ct
555 4404 664 4457 Timor-l,
685 4407 717 4456 ir.
738 4406 772 4458 ⁴23
791 4406 827 4467 (II
847 4406 918 4470 462).
1037 4405 1039 4409 ’
