3136 5024
695 235 970 287 -1‘2-‘

196 411 364 498 extemplo
386 411 580 498 concludam
603 414 638 478 et
653 432 829 498 personam
852 414 887 476 et
909 432 1030 477 nomen
1054 432 1075 476 a
1098 414 1197 496 poeta
1220 433 1294 478 esse
1318 413 1370 478 in-

196 527 397 614 ventumst),
433 528 532 593 immo
564 548 638 592 curn
670 530 760 592 certa
789 527 914 613 primae
946 526 1061 591 classis
1093 526 1244 613 exempla
1274 528 1372 594 nobis

195 646 327 728 praesto
359 643 427 708 sint
458 641 500 729 (v.
525 642 633 730 inira),
665 641 705 708 de
736 626 936 726 unoquoque
960 641 1059 707 titulo
1084 641 1277 724 singillatim
1309 645 1372 709 erit

99 805 100 809 ,
196 757 437 842 inquirendum,
474 761 586 823 utrum
616 759 666 823 ita
695 779 816 823 nomen
847 757 1010 822 delectum
1042 757 1096 840 sit,
1134 760 1173 823 ut
1203 779 1241 824 eo
1271 759 1371 825 homo

197 873 294 938 certis
318 873 518 958 quibusdam
542 874 688 940 moribus
713 878 867 957 certaque
891 876 1014 938 natura
1035 872 1234 956 designetur,
1259 896 1304 939 an
1327 873 1372 943 ad

165 1041 166 1045 ,
196 988 254 1056 illa
276 990 443 1075 pertineat
464 991 611 1073 nomina,
637 1011 722 1076 quae
747 1010 861 1055 omnes
886 989 1000 1054 comici
1023 989 1213 1074 posterioris
1236 990 1370 1075 potissi-

197 1125 288 1169 mum
324 1105 446 1170 aetatis
481 1127 609 1191 semper
644 1106 853 1192 usurpabant
878 1104 929 1191 (cf.
962 1105 1097 1170 nomina
1122 1105 1156 1169 in
1194 1103 1371 1170 comoediis

197 1221 404 1287 Terentianis
421 1221 602 1306 adhibita);
627 1224 805 1306 utrumque
829 1222 857 1286 si
880 1221 914 1286 in
931 1220 1024 1285 illum
1040 1220 1176 1286 titulum
1200 1243 1266 1287 non
1288 1222 1371 1287 ceci-

197 1334 291 1418 derit,
315 1336 428 1403 licebit
451 1336 643 1408 concludere
672 1337 715 1403 ad
746 1341 871 1403 certum
903 1336 1068 1423 quendam
1096 1337 1264 1422 hominem
1294 1359 1371 1402 eum

197 1456 346 1536 spectare
370 1456 472 1538 atque
496 1475 578 1538 opus
603 1453 665 1518 erit
689 1453 944 1538 circumspicere,
976 1473 1057 1516 nurn
1081 1473 1179 1536 quem
1203 1452 1371 1534 hominem

197 1568 307 1632 minus
331 1568 475 1633 nobilem
500 1570 664 1654 possimus
688 1568 856 1650 indagare,
882 1566 925 1632 ad
948 1589 1047 1652 quem
1062 1567 1213 1632 fabulam
1236 1552 1370 1651 revoce-
1452 1555 1455 1559 ⁵

188 1704 282 1747 mus.
330 1683 425 1748 Talia
448 1687 561 1748 autern
579 1684 724 1769 ,saepius
747 1704 815 1748 non
838 1704 935 1769 posse
960 1681 1003 1748 ad
1027 1685 1152 1748 certum
1182 1682 1284 1765 redigi
1314 1704 1372 1768 per
1421 1678 1428 1745 ’.

197 1819 232 1862 sc
256 1801 359 1884 patet.
385 1839 428 1846 -
451 1799 505 1864 Fit
520 1804 633 1864 autem
650 1798 826 1881 interdum,
852 1802 891 1864 ut
905 1798 1023 1865 iisdem
1038 1799 1228 1864 nominibus
1249 1798 1372 1863 diversi

197 1917 315 1999 poetae
332 1914 466 1980 fabulas
483 1916 723 2000 inscripserint3
748 1915 804 2000 qui
829 1915 855 1979 si
873 1936 940 1980 non
957 1918 1053 1980 erant
1069 1913 1236 2001 aequales,
1253 1914 1371 1980 verisi-

197 2029 307 2095 milius
332 2029 449 2096 ducam
467 2051 534 2095 non
551 2034 677 2096 certum
693 2030 860 2095 hominem
877 2030 1067 2112 significari.
1113 2029 1199 2094 Nam
1223 2029 1370 2094 solutum

197 2145 240 2210 ab
265 2147 354 2211 omni
378 2168 452 2211 curn
477 2147 556 2211 certi
579 2147 737 2232 temporis
762 2147 859 2211 certis
882 2146 981 2211 rebus
1006 2146 1108 2228 gestis
1125 2144 1370 2210 necessitudine
1416 2214 1420 2220 ,

195 2263 297 2346 poeta
318 2260 491 2347 depingere
515 2260 660 2327 debebat
683 2282 768 2343 eum,
793 2282 891 2346 quem
908 2260 1012 2327 multo
1037 2265 1112 2346 post
1136 2260 1221 2326 alius
1238 2263 1369 2346 speeta-

195 2377 334 2458 toribus,
366 2378 423 2461 qui
445 2377 539 2441 illum
569 2399 635 2442 non
666 2377 849 2459 novissent,
882 2376 989 2441 denuo
1015 2375 1153 2441 auderet
1182 2375 1369 2462 producere.

196 2490 289 2572 Quod
313 2514 386 2558 raro
411 2492 569 2559 accidisse
590 2496 681 2578 puto.
708 2491 765 2579 (Of.
783 2492 872 2557 infra
886 2490 1003 2557 titulos
1021 2492 1242 2576 meretricios)
1271 2488 1371 2554 Haud

196 2607 293 2672 aliter
309 2607 510 2672 censendum
528 2611 588 2690 est,
607 2629 681 2672 cum
697 2607 851 2672 Romana
867 2605 1032 2691 quaedam
1046 2604 1216 2672 comoedia
1228 2605 1370 2671 eundem
1452 2665 1454 2668 Α

197 2744 294 2807 quem
319 2721 446 2788 Graeca
469 2723 605 2789 exhibet
627 2722 773 2788 titulum.
821 2722 880 2787 Sin
904 2725 1018 2815 autern
1041 2722 1088 2786 illi
1111 2727 1229 2808 poetae
1254 2720 1371 2786 eadem

197 2841 309 2903 aetate
325 2838 520 2919 floruerunt,
538 2838 670 2904 facilius
687 2837 857 2903 credemus
874 2837 1057 2923 complures
1071 2838 1212 2902 comicos
1229 2834 1370 2901 eundem

196 2954 364 3019 hominem
380 2953 525 3019 illusisse
538 2975 639 3038 quam
652 2952 791 3019 diversis
806 2953 955 3039 personis
969 2974 989 3017 a
1002 2973 1037 3016 se
1049 2952 1138 3017 fictis
1151 2951 1237 3017 idem
1249 2972 1371 3017 nornen

196 3069 403 3155 imposuisse,
427 3069 492 3134 nisi
509 3068 604 3151 forte,
630 3071 792 3154 utsupra
816 3067 969 3149 diximus,
995 3065 1038 3132 ad
1054 3070 1180 3132 certum
1204 3065 1372 3151 quoddam

196 3185 368 3250 hominum
399 3205 503 3266 genus
535 3182 792 3266 significandum
825 3204 863 3248 eo
900 3183 1096 3264 utebantur,
1132 3185 1283 3248 attamen
1313 3203 1370 3267 pro

197 3303 285 3365 certo
315 3299 397 3364 illud
425 3300 587 3367 affirmari
610 3300 740 3384 nequit:
765 3300 969 3365 nemetiam
994 3300 1022 3365 si
1047 3298 1169 3364 eisdem
1193 3298 1261 3363 fere
1286 3301 1371 3363 tem-

197 3416 331 3501 poribus
360 3414 453 3480 fuere
483 3418 612 3501 poetae,
644 3417 757 3479 tamen
789 3414 874 3479 alter
903 3413 1000 3478 alteri
1027 3412 1227 3498 superfuerit
1249 3414 1298 3478 ita
1321 3417 1370 3494 ut,

197 3531 261 3595 nisi
292 3530 376 3613 aliis,
411 3552 496 3616 quae
521 3529 709 3595 comoediae
734 3533 865 3615 tempus
899 3529 1120 3610 constituant,
1151 3527 1281 3593 indiciis
1309 3529 1372 3593 hoc

198 3645 284 3711 credi
315 3649 461 3728 vetatur,
497 3645 590 3710 illum
625 3645 838 3730 superstitem
872 3644 972 3708 huius
1007 3643 1128 3707 mortui
1168 3641 1371 3707 comoediam

101 3849 104 3855 Ι
197 3764 394 3827 renovatam
430 3760 538 3826 denuo
574 3762 610 3824 in
644 3781 800 3826 scaenam
837 3758 1008 3824 demisisse
1042 3759 1148 3844 possit
1183 3758 1369 3824 coniectari.

307 4000 338 4069 ιτ)
358 4002 401 4054 Sic
429 4001 518 4068 Bergk
537 4001 644 4054 Griech.
665 4000 834 4052 Litt-Gesch.
858 3999 896 4050 IV
917 3999 967 4052 133
988 3998 1051 4051 <die
1071 3998 1210 4050 Melrrzahl
1229 3997 1278 4051 der
1297 3998 1373 4050 land·

198 4089 314 4156 laufigen
339 4090 538 4156 Eigennamen,
562 4087 649 4140 denen
673 4088 722 4139 wir
740 4089 767 4139 in
792 4086 844 4139 den
864 4074 1066 4139 llberschriften
1087 4085 1135 4138 der
1153 4087 1304 4155 Lustspiele
1328 4087 1373 4140 be·

197 4195 312 4246 gegnen,
331 4180 366 4232 ist
385 4195 444 4231 vorn
464 4178 577 4229 Dichter
596 4177 713 4242 beliebig
731 4175 855 4242 geu'ahlt,
880 4175 949 4228 ohne
969 4174 1022 4226 dall
1042 4176 1102 4228 eine
1121 4175 1210 4229 offena
1230 4177 1295 4229 oder
1314 4193 1373 4230 vcr-

198 4268 300 4320 steckte
323 4267 480 4333 Bezichung
503 4267 551 4319 aul
577 4267 729 4319 bestimmte
758 4263 1007 4317 Persdnlichkciten
1036 4272 1236 4331 vorausgesetzt
1263 4264 1372 4318 werden

197 4355 288 4408 dari.»
