3136 5024
704 340 881 415 -ea-

205 521 240 586 in
269 519 429 585 memoria
459 541 567 584 rerum
591 519 847 585 Atheniensium
878 538 945 584 non
968 521 1251 602 commemoretur,
1262 519 1314 607 ¹¹⁶)
1339 522 1379 585 ut

204 640 284 734 ente
308 617 518 703 annumfere
533 636 600 701 470
621 656 697 700 eum
713 636 831 700 natum
847 638 1013 720 putemus,
1035 620 1161 700 nullam
1178 656 1248 700 rem
1264 656 1377 719 cogere
1542 635 1563 717 f

205 756 306 836 atque
328 772 383 816 ex
417 751 481 816 hac
515 750 769 816 ratiocinatione
804 749 1008 835 Lamponem
1043 748 1187 815 evadere·
1219 771 1271 833 eo,
1312 772 1377 838 quo

205 867 413 953 Antiphanes
436 865 571 932 fabulas
596 864 711 941 docere
735 866 851 951 coepit,
876 866 1024 951 tempore
1048 863 1107 952 (01.
1133 867 1175 931 98
1196 895 1239 934 =.
1264 866 1376 953 388J5,

205 985 369 1069 Anonym.
394 1005 427 1049 π.
451 1006 531 1065 κωμ.
563 981 660 1047 Kaib.
679 980 702 1046 0
719 979 790 1046 GF
813 981 827 1045 Ι
847 981 880 1068 9)
904 1001 1018 1046 senem
1041 979 1187 1046 medium
1211 981 1377 1069 quendam

203 1099 290 1164 inter
313 1082 550 1180 octogesimum
575 1100 609 1162 et
631 1097 885 1180 nonagesimum
908 1097 1032 1162 aetatis
1064 1117 1189 1163 annum
1213 1100 1375 1181 agentem.

203 1213 277 1278 Huc
300 1212 464 1296 accedere,
489 1211 575 1298 quod
597 1213 717 1299 Lysias
740 1213 775 1277 in
799 1213 952 1278 oratione·
964 1189 1011 1276 111'
1031 1211 1128 1298 (quae
1152 1216 1228 1300 post
1250 1235 1376 1280 annum

204 1329 269 1393 394
292 1329 410 1394 habita
433 1332 494 1410 est,
520 1329 560 1394 cf.
586 1326 607 1414 ξ
629 1329 688 1410 45;
719 1328 816 1394 Blass
839 1330 909 1419 Att.
933 1327 1083 1393 Bereds.²
1112 1329 1225 1417 1578)
1259 1329 1376 1396 domus

203 1442 377 1529 Λάμπωνος
410 1443 612 1509 mentionem
649 1442 753 1509 faciat
788 1441 917 1530 (017)
953 1444 1011 1528 qui
1046 1443 1239 1524 consideret,
1275 1466 1376 1530 quam

202 1578 313 1624 rarum
336 1559 399 1625 hoc
422 1579 541 1624 nomen
566 1557 667 1624 fuerit
682 1559 943 1624 Atheniensibus
968 1557 1019 1645 (cf.
1037 1557 1113 1624 adn.
1131 1559 1216 1647 212),
1235 1563 1269 1625 et
1283 1558 1377 1626 nulla
1403 1587 1407 1596 ·
1429 1624 1432 1628 ,

202 1695 236 1739 re
261 1673 392 1740 adiecta
414 1695 542 1739 merum
565 1695 686 1740 nomen
710 1695 731 1738 a
754 1673 857 1760 Lysia
868 1675 1129 1759 *commemorari
1151 1675 1209 1758 ita,
1240 1678 1280 1741 ut
1305 1697 1376 1742 non

201 1790 336 1873 ignotus
358 1789 413 1855 ille
425 1790 575 1876 Lampon
591 1788 800 1855 auditoribus
823 1788 928 1854 fuisse
944 1788 1107 1873 videatur,
1133 1811 1209 1856 eum
1232 1792 1375 1858 fortasse

202 1905 322 1972 adduci
345 1905 389 1972 ad
412 1904 649 1987 coniciendum,
675 1903 764 1990 apud
787 1904 924 1991 Lysiam
947 1925 1078 1990 quoque
1101 1909 1216 1972 vatem
1240 1908 1377 1976 notissiae

202 2043 293 2090 mum
324 2043 397 2087 esse
427 2020 695 2102 intellegendum.
739 2019 803 2085 Sed
828 2019 1072 2086 concedendurn
1103 2026 1156 2087 est
1182 2021 1270 2088 hanc
1297 2043 1374 2088 con—

201 2139 363 2203 iacturam
376 2158 444 2203 non
456 2136 598 2202 multum
612 2136 744 2219 habere,
758 2156 823 2221 quo
837 2134 1093 2218 commendetur,
1107 2136 1375 2223 quandoquidem

202 2254 260 2318 vix
283 2255 335 2318 est
358 2251 512 2318 credibile
535 2255 733 2317 veteranum
748 2251 913 2316 Pericleae
938 2252 1060 2317 aetatis
1084 2251 1275 2338 splendidae
1299 2257 1376 2339 post

201 2366 336 2450 longum
372 2348 570 2434 comicorum
606 2367 775 2433 silentium
813 2370 948 2453 repente
983 2366 1230 2433 adulescentem
1265 2343 1375 2455 quarti

202 2480 326 2548 saeculi
356 2486 491 2570 poetam
522 2503 647 2548 novum
682 2483 850 2548 invenisse
886 2482 1068 2548 irrisorem
1104 2482 1211 2562 Quare
1241 2484 1305 2550 hac
1335 2484 1375 2550 de
1478 2504 1480 2511 ’

201 2597 371 2664 comoedia
393 2598 505 2685 potius
529 2597 672 2663 Meiueki
696 2599 883 2663 sententiae
907 2597 1157 2664 assentiendum
1183 2603 1244 2682 est.
1331 2635 1339 2642 ·-

577 2749 821 2855 antiphonis
840 2767 987 2851 Τίμων.

289 2901 388 2967 Ρο110
405 2901 471 2966 huc
486 2901 629 2986 pertinet
645 2900 762 2966 Timon
779 2889 979 2986 Antiphanis
997 2900 1105 2985 (Mein.
1122 2901 1155 2966 h.
1173 2922 1214 2966 cr.
1229 2903 1293 2966 327
1308 2925 1372 2988 sq.;

200 3016 260 3082 Ko.
285 3016 313 3081 ll
337 3015 426 3102 100),
452 3037 552 3101 quam
575 3014 727 3088 fabulam
743 3037 764 3080 a
779 3015 1006 3101 misanthropo
1024 3015 1232 3081 celeberrimo
1249 3017 1373 3082 Meine-
1393 3024 1398 3030 ’

201 3131 256 3196 kio
270 3132 479 3197 nominatam
496 3130 601 3198 videri
614 3141 715 3217 supra
726 3131 984 3196 memoravimus
1001 3131 1041 3217 (p.
1057 3133 1096 3196 81
1109 3131 1178 3219 ((1.)
1210 3130 1275 3197 Sed
1287 3132 1374 3198 hanc

198 3247 333 3333 insuper
347 3246 485 3332 protulit
501 3247 723 3335 coniecturam
740 3247 790 3310 vir
813 3247 962 3329 egregius
986 3246 1006 3312 l.
1024 3247 1060 3312 l.:
1089 3247 1259 3330 „Ceterum
1282 3247 1374 3312 haud

198 3363 310 3448 inepte
328 3405 351 3415 ·-
372 3362 572 3448 Antiphanis
596 3361 747 3428 fabulam
779 3384 799 3427 a
823 3362 1013 3428 Lucieno
1037 3364 1079 3427 in
1102 3363 1274 3428 Timone
1299 3385 1371 3428 ex-

198 3497 388 3562 pressam
416 3477 458 3542 es
471 3498 514 3542 se
538 3477 712 3542 coniicias“
739 3477 832 3542 nulla
856 3478 1059 3543 accuratiore
1082 3479 1373 3563 argumentatione

198 3591 324 3658 addita.
349 3593 430 3659 Post
446 3592 647 3658 Meinekium
664 3597 777 3658 autem
802 3594 934 3679 saepius
952 3594 1013 3658 viri
1031 3592 1118 3659 docti
1142 3595 1373 3678 quaestionem

198 3705 239 3776 de
256 3707 391 3795 Timone
409 3709 603 3790 attigerunt,
629 3708 686 3792 qui
703 3730 723 3772 a
739 3707 980 3794 Shakespeario
997 3707 1169 3790 tragoedia
1185 3710 1371 3775 celebratus

196 3822 340 3909 plurium
363 3822 598 3889 solitooculos
614 3824 648 3887 in
670 3845 705 3888 se
723 3824 961 3894 convertebat..
985 3823 1152 3911 liquibus
1175 3826 1372 3912 nomin02¹⁷)

305 4033 349 4103 ²¹⁰)
369 4035 409 4089 ef.
429 4036 507 4088 Diod.
528 4037 580 4088 XII
600 4037 646 4104 103
666 4037 736 4088 Plut.
757 4038 824 4089 Mor.
845 4037 896 4089 812
916 4037 954 4104 D;
975 4037 1062 4091 Schol.
1083 4037 1366 4092 14111117υῦ832.-

197 4124 293 4177 Busolt
313 4125 420 4177 Gricch.
442 4125 536 4179 Gesch.
557 4126 636 4193 1111,
655 4126 715 4180 476.
735 4127 787 4178 515
806 4142 844 4192 sq.
863 4127 915 4178 529
935 4143 973 4193 sq.

304 4211 349 4278 ²¹⁷)
369 4215 627 4267 Commentationem
646 4214 755 4266 Binderi
769 4202 841 4267 llber
855 4214 950 4267 Timon
964 4215 1015 4268 deu
1031 4217 1234 4283 blisanthropen
1249 4216 1372 4284 (Gymn-

195 4301 288 4368 Progr.
322 4301 384 4356 Ulm
408 4303 488 4367 1856)
521 4319 574 4355 non
600 4304 675 4370 potui
706 4301 792 4372 adire3
826 4301 874 4355 sod
901 4320 933 4355 ox
959 4303 1060 4370 Engeri
1085 4306 1241 4358 recensione
1267 4305 1369 4370 (Fleck.

196 4388 291 4443 Jahrb.
323 4388 357 4446 77
386 4391 478 4460 [1858]
511 4393 563 4446 556
598 4395 666 4459 sqq.)
699 4392 811 4458 cognovi
843 4393 920 4444 illum
954 4409 986 4444 nc
1024 4407 1232 4447 commemorare
1263 4393 1371 4460 quidem

196 4479 362 4545 Antiphanis
381 4480 555 4534 comoediam.
