3136 5024
690 302 813 354 -105
859 331 883 338 -

399 487 648 578 Ophelionls
677 491 718 556 et
746 485 958 576 Amphidis
982 484 1171 572 Ἰάλομος.
1229 578 1235 585 ,

309 611 494 710 Ancipitem
519 623 824 708 interpretationem
837 619 977 705 Ἰοίλεμος
993 621 1112 687 titulus
1129 621 1318 707 Ophelionis
1340 626 1374 686 et
1447 672 1454 682 .
1552 710 1554 719 .

200 738 375 827 Amphidis
405 740 509 805 habet
540 738 648 824 (Mein.
680 738 711 803 h.
741 760 783 803 cr.
811 738 887 802 415.
915 739 996 819 406;
1031 736 1092 802 Ko.
1117 737 1145 800 ll
1176 738 1251 802 293.
1281 738 1372 823 mil:

203 846 353 941 σημαίνει.
366 855 462 938 enim,
487 855 515 919 si
540 852 717 919 Moeridem
742 852 906 935 audimus⁷
923 848 1102 938 τὸνλρήνον
1118 848 1239 918 καὶτὸν
1259 851 1373 939 ψυχρὸν

200 969 374 1057 ἅνξτρωπον.
414 974 524 1055 Atque
549 971 639 1055 prius
658 969 810 1035 Kaibelio
837 969 1001 1054 placuisse
1026 967 1167 1051 videtur,
1192 970 1274 1034 haec
1298 991 1373 1034 curn
1399 1004 1401 1007 v

201 1088 380 1154 annotavit
411 1085 500 1172 apud
527 1086 599 1150 PW
627 1108 652 1150 s.
677 1085 853 1171 Amphisl
884 1086 968 1149 1954
1003 1085 1082 1167 „Mit
1112 1084 1168 1149 der
1194 1085 1371 1151 modernen

200 1203 321 1286 Musilr,
336 1203 426 1269 wohl
438 1223 515 1268 vom
529 1201 745 1289 Standpunkt
761 1200 818 1265 der
833 1200 924 1265 alten
941 1199 1152 1282 Generation,
1170 1197 1373 1283 beschaftigt

201 1319 272 1384 sich
296 1317 352 1383 der
368 1317 568 1403 Arbdpapboq
584 1317 674 1382 wohl
691 1317 776 1381 auch
794 1315 850 1380 der
872 1313 1038 1400 Ἰοίλεμος.“
1081 1316 1208 1381 'lamen
1231 1317 1372 1381 alterum

200 1455 331 1522 quoque
351 1437 470 1520 'potest
500 1438 589 1498 stare
615 1432 666 1519 (cf.
683 1433 769 1497 Men.
787 1432 825 1497 fr.
844 1432 919 1515 236,
943 1432 1004 1497 Ko.
1023 1432 1066 1496 lll
1090 1434 1146 1514 683
1171 1432 1267 1497 Mein.
1285 1432 1370 1497 Men.

200 1554 235 1616 et
258 1550 341 1615 Phil.
358 1549 425 1614 rell.
443 1572 473 1635 p.
492 1551 553 1631 823·
582 1588 624 1596 —
655 1548 863 1633 Κάλλαισχρον
887 1548 1023 1633 Ophelio
1055 1548 1185 1634 scripsit
1212 1546 1254 1637 [v.
1272 1568 1373 1634 supra

199 1689 231 1753 p.
248 1664 301 1754 52]
326 1671 359 1734 et
382 1666 521 1751 Amphis
546 1666 722 1749 Φιλέταιρον
747 1662 786 1753 [p.
812 1665 909 1750 103]),
935 1663 1023 1748 quod
1039 1664 1096 1747 qui
1118 1664 1282 1749 probabit,
1307 1662 1371 1729 illis

199 1780 377 1847 comoediis
402 1781 566 1847 attribuet
589 1779 758 1862 lalemum,
791 1798 876 1863 quae
905 1779 947 1843 ab
979 1779 1098 1844 iocosis
1122 1780 1371 1861 cognominibus

201 1918 322 1962 nomen
346 1901 476 1962 traxere
501 1895 556 1983 (cf.
576 1917 676 1981 supra
699 1918 729 1981 p.
751 1897 787 1958 71
815 1894 906 1981 sqq.).
1329 1894 1334 1904 '

568 2062 821 2132 Philemonis
849 2062 1009 2149 Πύρρος.

309 2189 403 2255 Addo
439 2188 557 2275 Πύρρον
591 2189 793 2254 Philemonis
823 2188 930 2273 (Mein.
959 2188 1044 2253 Men.
1074 2193 1107 2252 et
1141 2187 1278 2252 Philem.
1302 2187 1370 2252 rell.

200 2308 266 2371 378
291 2327 354 2390 sq.;
379 2306 440 2371 Ko.
458 2306 486 2369 ll
509 2305 596 2392 496),
621 2306 655 2369 in
680 2326 746 2389 qua
769 2304 886 2369 fabula
902 2326 968 2369 non
997 2304 1118 2390 „primo
1136 2304 1257 2368 obtutu
1272 2304 1370 2369 homo

198 2422 312 2487 flavus
336 2425 447 2508 partes
472 2442 568 2502 agere
593 2420 742 2486 videtur“
771 2421 884 2506 (verba
908 2425 988 2485 sunt
1012 2420 1131 2485 Dietzii
1155 2420 1240 2486 Diss.
1258 2441 1288 2504 p.
1308 2420 1370 2503 10),

200 2538 301 2602 immo
326 2537 461 2601 cuilibet
484 2539 565 2622 puto
589 2535 687 2601 titulo
711 2539 895 2622 poetasque
918 2535 1052 2601 nomine
1080 2533 1195 2600 audito
1220 2539 1371 2601 actutum

199 2653 315 2738 Pyrrhi
339 2652 493 2738 Epirotae
524 2652 558 2716 in
592 2655 736 2716 mentem
768 2652 889 2716 venire.
937 2653 1048 2735 Atque
1071 2652 1160 2716 huno
1184 2651 1371 2717 comoediae

199 2789 319 2832 nomen
345 2766 473 2831 dedisse
499 2767 654 2852 opinatur
677 2766 763 2831 idern
787 2767 935 2832 Dietzius
958 2767 979 2830 l.
997 2767 1017 2831 l.
1035 2789 1065 2852 p.
1086 2769 1127 2832 10
1144 2789 1229 2852 sqq.:
1254 2789 1371 2832 versus

198 2881 310 2969 adesp.
328 2882 366 2948 fr.
385 2884 448 2947 347
475 2883 545 2966 (Kc.
564 2883 606 2947 lll
629 2885 695 2946 473
719 2913 762 2940 =
794 2883 880 2949 Plut.
904 2883 983 2948 Mor.
1010 2882 1113 2969 519a)
1142 2882 1185 2947 ad
1209 2884 1371 2968 Pyrrhum

199 2997 400 3063 Philemonis
425 3020 498 3063 esse
523 2998 725 3064 referendos:
757 3020 855 3083 quem
886 2997 925 3062 de
957 2998 1085 3064 servolo
1109 2998 1154 3062 ibi
1179 3005 1371 3082 querentem

197 3112 384 3195 audiamus,
402 3135 467 3179 non
482 3113 649 3178 diversum
662 3135 734 3178 esse
747 3114 789 3178 ab
804 3136 852 3196 eo,
865 3115 921 3199 qui
933 3113 1113 3178 inPhilem.
1126 3113 1165 3178 fr.
1178 3116 1215 3177 71
1226 3113 1371 3199 loquitur

115 3242 122 3268 '·
197 3228 250 3315 (cf.
269 3230 417 3315 inprimis
433 3253 465 3296 v.
487 3232 529 3313 6).
561 3230 652 3309 Quae
669 3234 782 3295 autem
799 3230 832 3293 in
849 3229 888 3295 fr.
906 3228 1018 3316 adesp.
1037 3231 1100 3293 347
1115 3250 1368 3294 commemoran-

198 3349 253 3410 tur
276 3343 489 3433 διαλύσειςβῧθ)
515 3344 649 3411 easdem
665 3367 738 3411 esse
755 3346 818 3410 sibi
834 3345 999 3431 persuasit
1016 3350 1117 3428 atque
1137 3366 1204 3426 eas,
1230 3366 1370 3429 quarum

197 3461 400 3526 mentionem
423 3462 526 3527 habet
550 3461 764 3527 Phoenicides
789 3461 931 3525 comicus
955 3460 994 3525 fr.
1023 3466 1037 3525 1
1062 3461 1132 3545 (Κσ.
1158 3460 1369 3548 111333),²⁸¹)
1438 3511 1440 3513 .

615 3637 675 3691 εἶτά
694 3660 743 3709 μοι
762 3638 889 3691 σκάπτων
907 3637 967 3708 ε’ρεῐ
983 3642 1028 3704 (so.
1044 3656 1136 3691 servus
1154 3641 1298 3704 garrulus),

410 3726 452 3794 ἐφ’
471 3723 513 3784 οἷς
532 3725 683 3794 γεγόνασιν
701 3731 733 3780 αἱ
751 3725 896 3784 διαλύσεις.

305 3815 349 3882 ²⁸¹)
368 3817 482 3884 Hesych.
510 3813 627 3868 δύνασαι
655 3818 787 3868 σιωπᾶν·
807 3815 914 3884 πρῶτον
946 3835 1012 3883 φασι
1045 3816 1212 3886 Φοινικίδην
1241 3819 1370 3886 Μεγαρέα

196 3905 316 3974 κωμικὸν
341 3905 460 3975 ποιητήν
485 3903 515 3956 ἐν
544 3904 619 3957 ἄστει
645 3905 810 3957 διδάσκοντα
835 3904 1035 3968 ἇποσκῶψαι
1063 3906 1120 3975 τήν
1146 3909 1370 3975 σιωπωμένην

196 3993 385 4062 ὁμολογίαν
403 3993 479 4061 περὶ
505 3995 567 4044 τῶν
592 3992 780 4047 διαλύσεων
803 3992 999 4062 Ἀντιγόνου
1024 3994 1079 4045 καὶ
1105 3995 1235 4063 Πύρρον
1261 3992 1370 4060 βουλό-

196 4100 301 4152 μενον
321 4082 412 4134 εἰπεῖν
431 4081 462 4134 ἕν
482 4088 540 4139 ταῖς
560 4081 727 4152 Αδλητρίσιν
746 4083 830 4140 οὕτως
846 4103 850 4111 ·
867 4081 1002 4151 ηδύνασαι
1016 4078 1137 4150 σιωπᾶν’;
1150 4115 1185 4122 -
1199 4084 1267 4134 ὥστε
1281 4084 1370 4149 <τοίνς>

195 4171 244 4226 τὰς
258 4169 397 4228 διαλύσεις
413 4173 416 4238 Ι
434 4177 648 4241 συντιθεμένους
661 4176 819 4242 κεκραγέναι
833 4174 949 4226 doxam
971 4172 1042 4225 ἄλλοι
1054 4173 1088 4224 δέ
1096 4193 1161 4240 φασι
1175 4174 1370 4242 παροιμιωδώς

197 4259 361 4329 εἰρῆσθαι
390 4259 445 4312 ἐπὶ
473 4258 672 4329 Ἀντιγόνου
700 4261 755 4312 καὶ
783 4260 914 4332 Πύρρου
943 4264 1007 4313 τῶν
1034 4264 1196 4330 βασιλίσιν
1225 4262 1287 4312 τῶν
1317 4263 1370 4318 τὰς

195 4347 380 4418 ὁμολογίας
412 4348 608 4420 ἀπορρήτως
643 4355 885 4420 ποιησαμένων
920 4352 1032 4414 οὕτως,
1071 4351 1150 4402 ὥστε
1183 4349 1272 4420 μηδὲ
1304 4355 1370 4407 τοῖς

196 4440 437 4507 γραμματεῦσι
457 4439 642 4491 πιστεῦσαι.
