3136 5024
686 231 880 328 —Hi-

485 693 803 793 murinum
838 691 1086 834 nomm

304 1086 368 1153 Sed
392 1087 539 1153 nondum
568 1086 610 1152 ad
644 1086 747 1151 finem
781 1085 940 1172 perducta
974 1089 1026 1151 est
1061 1107 1183 1168 eorum,
1219 1087 1276 1170 qui
1305 1086 1370 1150 huc
1461 1113 1462 1116 ¹

197 1202 358 1268 referendi
382 1207 471 1285 sunt,
497 1201 669 1268 titulorum
693 1202 862 1267 tractatio:
894 1203 924 1266 ei
948 1200 1072 1267 scilicet
1101 1205 1240 1284 restant,
1269 1201 1370 1286 quia

197 1318 372 1384 mulierum
396 1318 586 1383 nominibus
603 1317 768 1405 desumpti
784 1317 937 1404 permulti
954 1316 997 1382 ad
1013 1321 1161 1383 nostram
1178 1317 1370 1382 memoriam

197 1437 435 1521 pervenerunt,
460 1455 544 1518 quae
569 1434 705 1498 nomina
728 1434 907 1498 maximam
929 1437 1057 1519 partem
1073 1433 1281 1498 meretricum
1298 1452 1370 1497 esse

198 1571 264 1614 uon
289 1553 350 1626 est,
383 1548 471 1633 quod
495 1570 657 1614 moneam.
706 1549 793 1613 Sunt
822 1570 900 1614 vero
932 1536 1093 1614 nonnulla
1124 1546 1326 1634 excipienda,
1353 1569 1370 1611 e

146 1741 149 1745 y
199 1665 320 1750 quibus
345 1663 409 1730 duo
434 1686 500 1729 non
528 1665 621 1750 parvi
657 1665 815 1729 momenti
835 1646 919 1745 'esse
948 1669 1029 1750 puto
1064 1668 1247 1750 propterea,
1283 1662 1371 1748 quod

198 1781 417 1866 posteriorum
433 1784 617 1867 temporum
634 1779 774 1845 comicos
787 1778 953 1844 interdum
965 1781 1067 1845 etiam
1080 1801 1166 1864 quae
1178 1780 1212 1844 in
1226 1780 1370 1867 externis

200 1896 400 1979 gerebantur
423 1896 518 1960 terris
542 1896 725 1981 respexisse
751 1894 981 1960 demonstrant
1005 1900 1039 1960 et
1055 1894 1198 1980 quodam
1215 1895 1311 1960 modo
1328 1894 1371 1959 ad

199 2011 349 2097 primam,
367 2032 466 2095 quarn
484 2032 584 2097 supra
601 2011 845 2092 constituimus,
870 2010 1043 2075 titulorum
1060 2011 1200 2076 classem
1216 2010 1372 2075 videntur

199 2127 371 2212 pertinere.
407 2126 513 2205 Quam
538 2126 579 2192 ob
596 2147 664 2190 rom
688 2127 791 2212 primo
807 2126 860 2190 hic
876 2108 946 2191 loco
964 2148 1020 2191 eos
1036 2108 1138 2211 pono,
1162 2130 1242 2190 sunt
1258 2130 1371 2190 autem

200 2241 323 2328 Diphili
347 2243 512 2306 Amastris
535 2245 569 2306 et
592 2242 731 2306 Arsinoe
756 2241 932 2328 Posidippi.

577 2487 728 2578 Diphili
748 2486 982 2576 ''Apaevpra

289 2666 404 2732 ”Hunc
427 2668 563 2733 titulum
588 2668 695 2753 (Mein.
721 2669 752 2733 h.
768 2691 809 2734 cr.
826 2671 891 2735 450
904 2691 970 2754 sq.;
994 2652 1055 2735 Ko.
1072 2671 1100 2734 ll
1117 2671 1192 2756 543)
1209 2671 1275 2735 iam
1292 2669 1372 2734 Mei-

201 2782 320 2848 nekius
344 2783 387 2848 ad
411 2784 553 2866 unicam,
579 2805 664 2868 quac
688 2785 783 2849 nobis
808 2784 939 2870 quidem
959 2785 1115 2867 innotuit,
1140 2785 1309 2850 mulierem
1326 2786 1373 2850 sic

202 2899 404 2986 appellatam
427 2899 566 2982 rettulit,
596 2898 638 2964 ad
661 2900 767 2965 filiam
791 2900 903 2965 fratris
928 2901 1017 2965 Darii
1042 2901 1254 2982 Codomanni,
1287 2921 1372 2985 quae

202 3015 342 3102 primum
365 3015 399 3078 in
424 3015 553 3097 magnis
577 3015 641 3079 illis
666 3017 800 3101 nuptiis,
826 3037 910 3100 quas
934 3016 1121 3081 Alexander
1137 3039 1166 3081 a.
1185 3017 1250 3080 324
1267 3015 1372 3081 Susae

203 3129 392 3214 celebravit,
425 3129 557 3195 Cratero
593 3131 626 3195 in
665 3132 911 3197 matrimonium
947 3131 1028 3196 data
1062 3136 1179 3218 postea
1213 3132 1372 3218 Dionysio

202 3245 418 3311 Heracleotae
441 3246 564 3332 nupsit,
590 3267 654 3330 quo
671 3251 800 3312 mortuo
819 3248 859 3331 (a.
877 3249 952 3332 306)
970 3247 1050 3329 sola,
1076 3248 1132 3333 qui
1148 3247 1235 3312 illius
1251 3247 1372 3329 fuerat,

202 3362 423 3448 principatum
461 3362 646 3440 obtinebat,
683 3363 823 3447 denique
858 3363 1047 3450 Lysimachi
1084 3386 1166 3429 uxor
1199 3363 1292 3428 facta
1322 3366 1375 3428 est

204 3478 416 3564 (eoa-300).
442 3476 573 3571 Urbem,
591 3499 691 3562 quam
708 3500 729 3543 a
746 3500 780 3543 se
797 3479 1020 3544 Amastridem
1038 3478 1275 3560 denominavit,
1296 3501 1373 3544 oon-

204 3591 295 3657 didit.
342 3592 465 3658 Postea
488 3615 509 3657 a
525 3594 595 3659 suis
618 3595 722 3680 ipsius
745 3593 824 3659 filiis
848 3594 1024 3659 interfecta
1047 3596 1168 3681 estur)

309 3707 578 3774 Heracleensium
594 3731 645 3774 res
663 3710 774 3774 oculos
791 3710 1044 3775 Atheniensium
1061 3709 1103 3775 ad
1120 3733 1155 3775 se
1172 3712 1374 3776 convertisse

204 3823 356 3888 versibus
368 3823 432 3888 illis
446 3822 641 3904 declaratur,
659 3826 778 3909 quibus
791 3825 971 3890 Menander
987 3821 1119 3910 ,lixam
1130 3824 1154 3910 γ’
1171 3823 1211 3891 dv
1223 3826 1370 3910 nouo&

205 3938 296 4003 obesi
319 3938 408 4004 illius
431 3939 570 4025 Dionysi
594 3941 714 4004 mortui
738 3940 904 4006 luxuriam
927 3941 1037 4007 illudit
1060 3942 1147 4028 apud
1164 3943 1374 4008 Athenaeum

204 4110 416 4140 5—-..-.-

312 4238 1374 4313 mffilmmfflmmfflmdhwmmffldffisshssmm

205 4329 270 4392 2073
290 4330 341 4382 236
355 4345 406 4396 sq.;
426 4330 490 4395 2953
510 4331 581 4394 (319.
600 4332 679 4398 3203)
700 4331 779 4384 Niese
799 4333 889 4402 1166,
909 4333 975 4400 2763
994 4335 1061 4401 345;
1080 4336 1145 4403 3543
1165 4336 1229 4400 3973
1249 4335 1373 4395 Wilclren

206 4417 278 4485 apud
296 4419 364 4470 PW
384 4420 487 4473 11750.
