3136 5024
683 300 714 324 ⁴-
755 269 806 322 138
844 299 877 307 —-

194 448 234 512 N.
244 451 281 512 A.
305 447 380 512 XIII
404 447 446 511 23
471 448 550 534 (22),
574 447 688 511 Ribb.²
711 469 741 532 p.
760 446 813 533 35)
838 444 881 511 ad
904 444 1154 510 similitudinem
1178 444 1370 511 comoediae

194 563 396 643 Philemonis
420 562 603 648 composita
628 583 700 626 esse
724 565 871 648 putatur.

598 790 751 877 Dlphlll
781 793 963 876 Συνωρίς.

301 962 423 1049 Diphili
448 984 551 1027 unum
576 962 691 1028 drama
718 963 780 1028 hoo
809 962 880 1028 loco
905 940 1114 1026 afferendum
1144 964 1205 1043 est,
1235 960 1375 1046 Συνωρίς

196 1079 303 1164 (Mein.
320 1078 352 1142 h.
371 1100 413 1143 cr.
430 1080 496 1143 456
512 1100 576 1163 sq.;
600 1078 661 1143 Kc.
685 1078 713 1142 II
738 1079 801 1143 565
826 1077 924 1166 sqq.);
953 1098 1031 1143 nam
1055 1077 1176 1142 Athen.
1192 1075 1239 1141 VI
1263 1077 1329 1140 247
1354 1097 1375 1141 a

194 1194 308 1259 refert:
333 1194 458 1275 ἑταίρας
480 1192 503 1259 t’
520 1189 616 1279 ὀνομα
637 1187 657 1278 ἡ
683 1193 823 1279 Συνωρίτ,
841 1193 881 1258 cf.
898 1193 973 1258 XIII
994 1193 1059 1258 583
1076 1213 1103 1275 e,
1128 1192 1187 1257 ubi
1210 1190 1371 1256 discimus

194 1311 265 1374 eius
279 1331 459 1393 cognomen
475 1308 579 1375 fuisso
598 1304 722 1394 Λύχνος.
734 1309 785 1396 ³⁵⁰)
818 1308 1028 1374 Comoediam
1044 1309 1241 1373 renovatam
1260 1305 1373 1372 denuo

194 1427 228 1490 in
252 1446 408 1491 scaenam
432 1446 504 1490 esse
528 1423 707 1490 demissam
731 1425 947 1510 comperimus
972 1425 1014 1489 ab
1047 1421 1162 1489 eodem
1185 1421 1232 1487 VI
1261 1422 1328 1486 247
1346 1443 1374 1487 c.

194 1540 231 1604 In
245 1541 430 1623 fragmento
447 1539 664 1605 festivissimo
682 1540 734 1626 (73
746 1540 819 1628 Ko.)
836 1540 1021 1626 parasItum
1039 1538 1090 1625 (cf.
1107 1538 1146 1603 fr.
1163 1539 1214 1604 74.
1237 1534 1280 1602 75
1297 1536 1373 1621 Ko.)

195 1655 346 1722 videmus
367 1677 442 1721 cum
462 1655 664 1738 muliercula,
686 1657 759 1742 ipsa
777 1656 892 1741 opinor
903 1655 1074 1742 Synoride,
1092 1655 1170 1721 talis
1185 1652 1373 1720 ludentem.

194 1771 356 1836 -Aliud
379 1770 603 1854 fragmentum
627 1771 776 1837 servavit
791 1771 912 1836 Athon.
928 1770 1005 1835 XIV
1026 1771 1089 1836 657
1107 1792 1124 1836 e
1146 1769 1201 1857 (ε
1218 1771 1259 1834 77
1282 1769 1375 1857 Ko.)²

193 1888 322 1971 χηνίζειν
346 1886 377 1952 δὲ
402 1884 520 1972 εἴρηται
543 1884 592 1951 erl
615 1884 676 1951 τῶν
701 1885 889 1952 αὐλούντων·
904 1886 1023 1972 Δίφιλος
1046 1885 1193 1970 Συνωρίδι

473 2003 636 2087 ἐχηνίασας
653 2024 659 2038 ·
677 2006 792 2068 ποιοῦσι
814 2006 905 2068 τοῦτο
929 2000 1043 2078 πάντες
1066 2001 1094 2067 οἱ

422 2204 425 2209 ¹
475 2113 557 2203 παρὰ
581 2121 725 2207 Τιμοῖιέῳ
752 2158 792 2164 -

195 2233 237 2298 ad
268 2255 365 2319 quem
392 2233 501 2298 locum
524 2233 585 2299 Kc.
609 2233 630 2297 l.
653 2234 674 2298 l.
699 2234 890 2299 annotavit:
928 2234 1157 2317 „Timotheum
1189 2232 1377 2298 auloedum

195 2348 338 2432 aliquem
361 2348 449 2413 illius
474 2349 597 2414 aetatis
621 2349 734 2431 luisse,
752 2370 817 2414 uon
836 2349 961 2414 clarum
984 2349 1077 2413 illum
1093 2349 1269 2431 Milesium,
1290 2349 1375 2415 Mei-

194 2464 312 2528 nekius
337 2464 527 2528 arbitratur.
580 2466 626 2528 At
649 2485 852 2550 quamquam
875 2465 904 2530 is
928 2468 1078 2530 mortuus
1103 2467 1155 2529 est
1178 2462 1227 2529 Ol.
1247 2466 1325 2548 105,
1352 2467 1376 2530 4

195 2583 248 2664 (z
279 2581 365 2666 357),
397 2584 511 2645 tamen
543 2602 565 2645 a
595 2580 724 2666 Diphilo
757 2581 1005 2646 commemorari
1036 2581 1155 2666 potuIt,
1188 2579 1375 2647 dummodo

195 2695 378 2760 scribamus
409 2694 437 2760 οί
466 2689 550 2781 ταρὰ
587 2699 755 2781 Τιμοῢέον,
789 2697 809 2761 i.
839 2718 866 2762 e.
895 2695 1046 2783 discipuli
1085 2700 1119 2762 et
1158 2716 1375 2762 successores

194 2811 295 2876 eius.“
331 2810 396 2875 Sed
412 2813 633 2877 mutationem
657 2834 723 2877 non
747 2812 969 2878 necessariam
991 2816 1083 2898 puto,
1108 2809 1196 2897 quod
1220 2811 1375 2878 tibicinis

195 2926 349 3010 (auletae,
374 2948 441 2992 non
465 2927 606 3013 auloedi)
632 2928 796 2992 Timothei
819 2929 977 2993 memoria
997 2926 1040 2993 ad
1056 2949 1116 2993 nos
1132 2927 1295 3014 pervenit,
1316 2929 1375 3012 qui

194 3042 316 3128 Diphili
339 3043 489 3126 aequalis
512 3042 591 3108 fuit:
616 3043 651 3107 in
674 3044 799 3130 nuptiis
822 3043 887 3108 illis
910 3043 1097 3129 praeclaris,
1120 3064 1205 3127 quas
1221 3042 1376 3109 Alexan-

194 3157 251 3222 der
280 3180 422 3241 magnus
452 3181 482 3223 a.
500 3159 565 3222 324
597 3158 703 3224 Susae
734 3159 922 3241 celebravit,
955 3165 989 3225 et
1020 3159 1077 3224 alii
1107 3162 1141 3224 ct
1170 3159 1373 3225 Timotheus
1456 3222 1460 3229 .

194 3272 328 3358 qnidam
352 3277 457 3339 artem
482 3296 579 3340 suam
603 3274 829 3356 ostenderunt,
855 3278 893 3340 ut
917 3274 1038 3340 Chares
1063 3278 1256 3341 auctorest
1281 3275 1376 3362 apud

195 3391 314 3455 Athen.
338 3389 398 3454 Xll
429 3392 493 3454 538
516 3390 539 3455 f.
553 3391 606 3473 351)
658 3389 806 3455 Eundem
831 3391 1041 3456 nominatum
1071 3391 1248 3477 suspiceris
1279 3390 1376 3478 apud

195 3504 324 3590 Didym.
342 3505 384 3570 ad
409 3505 502 3570 Dem.
520 3505 579 3571 col.
596 3506 656 3570 XII
680 3507 722 3570 55
746 3527 821 3590 sqq,
845 3506 903 3571 ubi
918 3506 1088 3592 Marsyam
1112 3509 1247 3572 secutus
1263 3505 1376 3573 tradit

194 3624 373 3702 enarrator,
412 3621 511 3706 paulo
549 3626 629 3686 ante
661 3641 762 3706 quam
792 3621 963 3707 Philippus
1001 3621 1137 3687 Macedo
1172 3620 1374 3688 Methonam

194 3757 389 3822 oppugnans
413 3736 454 3820 (a.
472 3738 546 3819 353,
572 3737 612 3802 of.
631 3736 787 3802 Schaefer
809 3737 858 3801 II2
883 3739 935 3804 31.
957 3737 991 3801 1²
1006 3736 1083 3824 440)
1108 3758 1212 3802 unum
1236 3737 1375 3803 oculum

194 3852 370 3933 amisisset,
389 3852 423 3916 in
440 3853 675 3917 certaminibus
691 3853 827 3918 musids
842 3849 927 3918 κατὰ
942 3853 1071 3936 δαίμονα
1088 3895 1093 3905 ·
1116 3895 1120 3906 ·
1138 3847 1189 3919 τὸν
1206 3851 1376 3919 Κύκλωπα

193 3967 314 4043 πάντας
337 3965 473 4051 αὐλῆσαι,
499 3964 721 4054 Ἀντιγονείὸην
752 3967 805 4052 μὲν
836 3962 889 4033 τὸν
918 3967 1085 4048 Φιλοξένου,
1119 3967 1307 4054 Χρυσόγονον
1340 3969 1400 4051 δὲ1

300 4233 343 4299 ³⁶⁰)
363 4233 403 4286 Cf.
425 4233 533 4286 Bechtel
552 4234 597 4286 Fr.
618 4252 642 4301 p.
658 4235 708 4286 122
729 4233 790 4286 adn
811 4236 835 4287 3.

300 4321 343 4387 ³⁵¹)
364 4323 404 4374 Ad
418 4322 532 4375 eundem
545 4323 685 4374 Koibelius
698 4321 770 4389 (adn.
785 4323 820 4375 ad
835 4324 895 4389 loc)
908 4325 1021 4388 rettulit,
1041 4323 1112 4390 quod
1126 4321 1158 4376 de
1171 4323 1267 4391 barba,
1287 4339 1375 4391 quam

193 4413 260 4462 aluit
279 4411 443 4478 Timotheus,
465 4418 558 4464 narrat
577 4413 744 4480 Chrysippus
764 4411 836 4479 apud
855 4413 954 4465 Athen.
974 4413 1040 4464 XIII
1060 4413 1144 4466 5658.
