3136 5024
683 264 877 316 -rsr-

195 441 421 526 Hipparcheae
462 439 605 525 (omnino
642 438 706 505 duo
741 444 877 504 servata
911 441 1001 527 sunt)
1039 439 1197 505 laudatur
1235 441 1266 506 ἐν
1302 449 1376 516 ταῖς

197 557 377 638 Παννυχίσιν
409 555 499 642 (Poll.
526 558 577 636 10,
605 557 689 642 108),
715 576 781 640 qua
811 577 892 621 voce
923 557 994 620 sine
1026 555 1125 621 dubio
1157 556 1374 622 celebritates

196 670 358 757 pervigilii
381 671 627 752 significantur:
647 669 704 735 ci.
729 671 852 736 Athen·
875 670 938 734 XV
963 673 1027 736 668
1044 671 1122 757 04⁰⁷)
1154 675 1188 736 et
1210 672 1375 758 respicias

195 786 265 852 Ael.
283 786 322 852 N.
340 809 394 852 an.
412 786 471 851 Vll
490 789 529 850 19
555 787 586 870 (a
609 786 734 851 Kookio
758 786 779 851 l.
793 786 813 851 l.
840 785 1008 870 allatum):
1040 781 1081 851 τὰ
1106 781 1199 871 μικρὰ
1225 787 1377 872 μειράκια

197 901 238 966 τὰ
255 900 307 966 που
328 901 499 986 Μενάνδρου
515 904 544 966 ἐν
561 910 630 978 ταῖς
653 903 825 985 παννυχίσιν
849 899 1075 991 dedicatam)
1115 902 1214 967 Porro
1231 902 1377 989 Callippi

198 1017 399 1083 comoediam
424 1040 445 1082 a
467 1017 635 1102 pervigilio
664 1039 785 1082 nomen
808 1019 974 1103 accepisse
989 1016 1206 1100 demonstrat
1233 1019 1377 1082 unicum

196 1133 278 1197 illud
300 1132 524 1215 fragmentum
549 1132 636 1218 apud
664 1134 785 1198 Athen.
810 1132 871 1196 XV
896 1135 960 1198 668
981 1155 1013 1198 c:
1048 1125 1086 1218 ἦν
1110 1136 1144 1197 δέ
1165 1157 1196 1197 τι
1218 1130 1274 1197 καί
1298 1132 1388 1199 ἄλλο·

197 1248 369 1330 κοτταβίων
411 1241 488 1324 εἶδος
529 1251 825 1334 προτιὶνέμενον
864 1250 902 1312 ἐν
937 1257 1026 1322 ταῖς
1069 1249 1305 1332 παννυχίσιν
1342 1239 1379 1314 οὗ

198 1362 374 1448 μνημονεύει
396 1363 575 1439 Κάλλιππος
598 1365 627 1428 ἐν
651 1364 869 1447 Παννυχίδι
899 1359 950 1429 διὰ
974 1363 1089 1429 τούτων
1112 1368 1181 1428 κτλ.
1207 1362 1379 1449 (sequitur

197 1478 236 1545 ir.
256 1483 272 1544 1
298 1479 386 1566 Kal:
411 1501 512 1562 quare
536 1480 656 1561 nescio,
683 1501 739 1543 cur
762 1479 946 1544 Meiuelrius
971 1501 1067 1545 suam
1091 1478 1130 1544 de
1153 1478 1244 1544 tituli
1269 1480 1378 1562 signi-

198 1596 354 1660 ficatione
379 1594 622 1660 dubitationem
647 1616 752 1679 usque
777 1594 819 1660 ad
842 1595 979 1681 Callippi
1000 1594 1203 1661 comoediam
1218 1599 1379 1660 tractan-

203 1711 279 1775 dam
302 1710 588 1797 reservaverit.⁴⁰⁹)
625 1710 789 1796 Callippco
806 1714 920 1776 autem
943 1711 1128 1793 fragmento
1153 1709 1312 1792 adducor,
1338 1716 1381 1776 ut

200 1828 302 1892 etiam
315 1826 520 1890 Pherecratis
533 1825 683 1890 fabulam
695 1825 733 1890 de
746 1827 915 1911 pervigilio
929 1827 1136 1913 interpreter:
1150 1848 1238 1891 narn
1252 1827 1380 1891 etiarn

199 1943 239 2006 in
265 1963 312 2006 ea
336 1940 382 2005 de
407 1941 577 2005 cottabi
600 1940 699 2006 ludo
725 1963 857 2006 serino
875 1942 1032 2028 erat(ir.
1052 1945 1093 2007 66
1109 1942 1192 2028 Kc).
1217 1942 1288 2009 Nec
1310 1939 1396 2011 non⁴

204 2058 359 2122 convenit
382 2056 556 2122 mulierum
581 2057 708 2138 chorus,
735 2056 773 2121 de
799 2079 862 2142 quo
880 2079 897 2122 e
914 2057 952 2121 ir.
971 2060 1012 2123 64
1037 2059 1198 2124 conclusit
1213 2058 1379 2127 Kockius.

200 2173 315 2237 Denuo
340 2173 440 2255 igitur
463 2173 559 2237 nobis
584 2172 684 2238 obvia
706 2173 749 2236 fit
772 2171 941 2237 comoedia
964 2174 1195 2256 Pherecratea,
1228 2196 1298 2259 qua
1323 2177 1381 2242 ille

201 2289 359 2372 antiquae
390 2287 577 2352 comoediae
609 2288 746 2373 scriptor
780 2289 1016 2373 posterioribus
1046 2290 1136 2361 viam
1171 2295 1382 2358 monstravit

203 2403 254 2486 (cf.
269 2425 369 2488 supra
381 2425 412 2488 p.
428 2405 490 2467 113
505 2403 632 2489 sq.).¹¹¹⁰)
656 2403 861 2468 Pherecratis
878 2403 1056 2489 Hipparchi
1073 2404 1210 2491 Callippi
1222 2407 1345 2474 titulos
1359 2431 1381 2474 a

201 2517 369 2605 pervigilio
394 2521 545 2604 sumptos
569 2539 641 2583 esse
657 2517 817 2583 vidimus:
842 2540 943 2603 quare
968 2518 1007 2584 de
1031 2519 1152 2585 Eubuli
1175 2526 1209 2586 et
1225 2522 1381 2589 Alexidis

202 2633 287 2697 idern
313 2632 572 2699 existimandum
597 2633 769 2716 contende,
794 2633 872 2698 licet
895 2655 912 2698 e
936 2634 1131 2715 fragmentis
1147 2636 1381 2722 nihilafficia-

202 2752 267 2813 tur.
314 2749 434 2813 Comici
465 2750 653 2834 posterioris
685 2750 807 2814 aetatis
837 2754 955 2835 poetae
987 2749 1113 2816 eadem
1132 2756 1234 2836 atque
1259 2754 1381 2820 eadem

120 2896 122 2901 ·
204 2868 400 2946 argumenta
424 2865 577 2948 quotiens
601 2865 810 2945 iactaverint
836 2869 953 2930 notum
977 2869 1029 2931 est
1053 2865 1103 2952 (ci.
1122 2889 1222 2953 supra
1238 2868 1381 2935 titulum

205 2981 379 3065 Φιλέταιρος
402 3003 432 3065 p.
461 2982 524 3044 103
549 2984 618 3066 sol.
635 3019 674 3027 -
693 2979 845 3062 nostem,
871 2981 926 3064 qui
951 3003 992 3045 ex
1015 2980 1136 3046 llubuli
1160 2983 1382 3069 Pannychide

312 3235 357 3305 407)
378 3238 523 3290 Praeterea
543 3255 565 3290 ν,
585 3238 679 3304 Eurip.
700 3238 759 3289 Hel.
781 3238 857 3293 1365.

310 3325 356 3391 ⁴⁰⁸)
376 3325 471 3378 Omisit
487 3329 580 3394 locum,
601 3329 629 3378 ni
642 3326 731 3392 fallor,
744 3327 863 3379 Kockius
877 3329 903 3379 in
916 3327 1057 3380 Menandri
1070 3326 1242 3396 fragmentis;
1262 3327 1383 3382 fortasse

205 3415 240 3466 ad
270 3416 389 3467 Plocium
415 3414 571 3468 referendus
596 3422 643 3468 cst.
691 3414 743 3467 Sed
770 3415 850 3468 facile
876 3416 935 3468 ticri
968 3418 1086 3483 potuisse
1118 3416 1206 3482 credo,
1238 3424 1270 3468 ut
1296 3420 1384 3472 etiarn

206 3505 356 3556 Menander
367 3504 532 3556 comoediam
541 3507 683 3572 Παννυχίς
693 3507 735 3556 rel
746 3505 920 3573 Παννυχίδα
936 3508 1100 3558 nominatam
1111 3511 1285 3574 componeret
1297 3514 1384 3575 atque

207 3593 341 3643 ocriculum
356 3594 490 3644 inveniret
503 3584 689 3659 Hipparchum
703 3611 755 3645 non
771 3595 850 3646 aliter
863 3600 943 3660 atque
957 3596 982 3645 in
1001 3594 1104 3646 Thaide
1121 3592 1165 3660 (ci.
1179 3603 1261 3660 supra
1271 3609 1296 3660 p.
1310 3597 1383 3661 140).

313 3689 359 3747 409)
380 3690 511 3754 Quoniam
525 3707 538 3742 e
553 3690 687 3757 lapidibus
706 3693 857 3757 complures
869 3691 1014 3744 histriones
1027 3693 1141 3744 comicos
1159 3691 1267 3743 nomine
1281 3692 1386 3761 Callip-

206 3795 270 3846 pum
306 3781 435 3844 novimus‚
471 3780 557 3829 minus
593 3795 673 3844 quarn
709 3787 789 3831 antea
822 3786 871 3846 est,
905 3780 976 3845 quod
1007 3797 1066 3831 curn
1097 3779 1215 3832 Porsono
1246 3780 1294 3833 illo
1322 3782 1384 3835 loco

207 3868 339 3920 Athenaei
359 3885 407 3934 pro
428 3869 549 3933 Collippo
570 3869 756 3935 llipparchum
775 3870 930 3921 scribamus.
961 3869 1000 3920 df.
1022 3868 1105 3920 Wilh.
1126 3868 1191 3922 Urk.
1211 3885 1237 3935 p.
1257 3870 1293 3922 43
1313 3888 1385 3939 sqq,

206 3959 312 4023 inpriin.
333 3959 374 4009 li).
395 3958 454 4012 1:33.

314 4047 358 4112 ⁴¹⁰)
380 4046 446 4098 l'tra
475 4064 536 4114 pars
563 4046 677 4114 duplicis
703 4049 775 4099 tituli
804 4048 921 4112 geuuiua
951 4047 991 4112 sit,
1024 4062 1075 4098 non
1105 4047 1188 4113 magis
1215 4048 1270 4099 scio
1299 4064 1386 4115 quam

207 4136 346 4187 Benderus
370 4135 438 4188 lliss.
459 4154 484 4202 p.
501 4138 548 4202 413
575 4137 621 4188 sed
651 4144 803 4203 propterea,
831 4136 901 4201 quod
928 4135 1063 4201 duplicem
1089 4136 1196 4187 titulum
1222 4136 1387 4194 Athenaeus

209 4224 298 4290 affert,
328 4241 378 4277 nou
409 4225 529 4298 licctde
558 4224 661 4277 duabus
690 4225 833 4276 comoediis
862 4226 987 4290 cogitare.
1008 4224 1174 4276 —Etiamsi
1202 4223 1290 4276 altera
1320 4243 1388 4292 pars

210 4320 301 4378 postea
321 4313 412 4365 addita
434 4321 480 4377 est,
501 4316 537 4365 nil
557 4315 581 4364 in
603 4330 631 4365 re
651 4320 778 4379 mutatur,
798 4315 861 4379 quia
881 4315 989 4364 titulum
1012 4319 1084 4365 certe
1099 4329 1112 4364 e
1125 4311 1254 4364 dramatis
1275 4317 1388 4371 actione

208 4404 328 4469 sumpsit,
349 4405 392 4467 qui
413 4402 523 4455 addidit.
1169 4409 1174 4418 '
